"Count","Tradelist Count","Name","Edition","Condition","Language","Foil","Tags","Last Modified","Collector Number","Alter","Proxy","Purchase Price"
"1","1","Abandoned Campground","dsk","Near Mint","English","","","2025-10-31 00:04:22.353000","255","False","False",""
"2","2","Abrade","fdn","Near Mint","English","","","2025-10-19 21:44:49.157000","327","False","False",""
"1","1","Abrade","fdn","Near Mint","English","","","2025-11-06 20:15:37.260000","188","False","False",""
"1","1","Absolving Lammasu","mkm","Near Mint","English","foil","","2025-10-25 22:12:46.673000","2","False","False",""
"1","1","Abzan Ascendancy","ktk","Near Mint","English","","","2025-10-31 03:06:23.057000","160","False","False",""
"1","1","Abzan Monument","tdm","Near Mint","English","","","2025-10-15 19:22:37.347000","238","False","False",""
"4","4","Acrobatic Cheerleader","dsk","Near Mint","English","","","2025-10-30 23:58:45.550000","1","False","False",""
"1","1","Adamant Will","fdn","Near Mint","English","","","2025-10-15 02:00:19.020000","488","False","False",""
"1","1","Adaptive Automaton","fdn","Near Mint","English","foil","","2025-10-19 21:44:49.157000","723","False","False",""
"1","1","Adaptive Sporesinger","one","Near Mint","English","","","2025-11-07 19:37:01.943000","157","False","False",""
"3","3","Aegis Turtle","fdn","Near Mint","English","","","2025-11-06 16:57:11.963000","150","False","False",""
"1","1","Aethergeode Miner","aer","Near Mint","English","","","2025-10-31 03:11:58.593000","4","False","False",""
"1","1","Aetherize","fdn","Near Mint","English","","","2025-11-06 16:53:35.133000","151","False","False",""
"1","1","Affectionate Indrik","fdn","Near Mint","English","","","2025-11-06 20:29:43.383000","211","False","False",""
"2","2","Agate Assault","blb","Near Mint","English","","","2025-10-29 01:08:57.730000","122","False","False",""
"1","1","Agate-Blade Assassin","blb","Near Mint","English","","","2025-10-29 01:11:44.803000","82","False","False",""
"1","1","Agatha's Champion","woe","Near Mint","English","","","2025-10-30 23:49:11.007000","160","False","False",""
"1","1","Agency Coroner","mkm","Near Mint","English","","","2025-10-25 22:06:13.463000","75","False","False",""
"1","1","Agency Outfitter","mkm","Near Mint","English","","","2025-10-25 22:14:31.383000","38","False","False",""
"1","1","Aggressive Mammoth","fdn","Near Mint","English","","","2025-10-15 02:00:19.020000","551","False","False",""
"1","1","Aggressive Negotiations","tdm","Near Mint","English","","","2025-10-15 19:13:14.293000","70","False","False",""
"1","1","Ainok Wayfarer","tdm","Near Mint","English","","","2025-11-07 19:41:02.690000","134","False","False",""
"1","1","Airtight Alibi","mkm","Near Mint","English","","","2025-10-25 21:58:07.277000","149","False","False",""
"4","4","Ajani's Pridemate","fdn","Near Mint","English","","","2025-11-06 20:57:18.990000","135","False","False",""
"2","2","Ajani's Pridemate","fdn","Near Mint","English","","","2025-10-19 21:44:49.157000","293","False","False",""
"1","1","Alesha, Who Laughs at Fate","fdn","Near Mint","English","","","2025-11-06 20:52:10.713000","115","False","False",""
"1","1","Alley Assailant","mkm","Near Mint","English","","","2025-10-25 22:06:23.520000","76","False","False",""
"2","2","Altanak, the Thrice-Called","dsk","Near Mint","English","","","2025-10-31 00:04:43.213000","166","False","False",""
"3","3","Ambush Wolf","fdn","Near Mint","English","","","2025-11-06 20:20:07.900000","98","False","False",""
"1","1","An Offer You Can't Refuse","fdn","Near Mint","English","foil","","2025-11-07 19:50:39.263000","160","False","False",""
"2","2","An Offer You Can't Refuse","fdn","Near Mint","English","","","2025-11-06 16:53:00.947000","160","False","False",""
"1","1","Ancestor Dragon","fdn","Near Mint","English","","","2025-10-15 02:00:19.020000","489","False","False",""
"2","2","Angel of Finality","fdn","Near Mint","English","","","2025-11-06 17:23:35.517000","136","False","False",""
"1","1","Angel of Vitality","fdn","Near Mint","English","foil","","2025-10-19 21:44:49.157000","706","False","False",""
"1","1","Angelic Destiny","fdn","Near Mint","English","","","2025-10-19 21:44:49.157000","565","False","False",""
"1","1","Angelic Edict","fdn","Near Mint","English","","","2025-10-15 02:00:19.020000","490","False","False",""
"1","1","Ankle Biter","otj","Near Mint","English","","","2025-10-15 16:24:42.830000","153","False","False",""
"1","1","Anoint with Affliction","one","Near Mint","English","","","2025-11-07 19:30:57.957000","81","False","False",""
"4","4","Anthem of Champions","fdn","Near Mint","English","","","2025-11-06 20:52:27.330000","116","False","False",""
"2","2","Anthropede","dsk","Near Mint","English","","","2025-10-30 23:58:01.377000","167","False","False",""
"1","1","Anthropede","dsk","Near Mint","English","foil","","2025-10-31 00:04:33.040000","167","False","False",""
"6","6","Apothecary Stomper","fdn","Near Mint","English","","","2025-11-07 20:32:30.787000","99","False","False",""
"1","1","Apothecary Stomper","fdn","Near Mint","English","foil","","2025-11-06 20:19:34.900000","99","False","False",""
"2","2","Appendage Amalgam","dsk","Near Mint","English","","","2025-10-31 00:00:06.537000","83","False","False",""
"1","1","Arashin Sunshield","tdm","Near Mint","English","","","2025-11-07 19:43:07.413000","3","False","False",""
"2","2","Arbiter of Woe","fdn","Near Mint","English","","","2025-11-06 17:14:23.857000","55","False","False",""
"3","3","Arcane Epiphany","fdn","Near Mint","English","","","2025-11-07 19:51:41.927000","29","False","False",""
"2","2","Arcane Signet","fdc","Near Mint","English","foil","","2025-10-25 22:35:13.310000","1","False","False",""
"1","1","Arcanis the Omnipotent","fdn","Near Mint","English","","","2025-10-19 21:44:49.157000","585","False","False",""
"1","1","Archmage of Runes","fdn","Near Mint","English","","","2025-11-06 16:52:49.863000","30","False","False",""
"1","1","Archon's Glory","woe","Near Mint","English","","","2025-10-29 01:05:44.223000","2","False","False",""
"2","2","Archway Angel","fdn","Near Mint","English","","","2025-10-19 21:44:49.157000","566","False","False",""
"1","1","Armament Dragon","tdm","Near Mint","English","foil","","2025-10-15 19:44:32.073000","168","False","False",""
"4","4","Armasaur Guide","fdn","Near Mint","English","","","2025-11-06 17:22:23.653000","3","False","False",""
"1","1","Army of the Damned","mic","Near Mint","English","","","2025-10-30 21:04:40.980000","106","False","False",""
"1","1","Ashiok's Reaper","woe","Near Mint","English","","","2025-10-29 01:13:34.523000","79","False","False",""
"1","1","Aspirant's Ascent","one","Near Mint","English","foil","","2025-10-15 19:44:11.823000","40","False","False",""
"1","1","Aspirant's Ascent","one","Near Mint","English","","","2025-11-07 19:36:50.460000","40","False","False",""
"2","2","Attack-in-the-Box","dsk","Near Mint","English","","","2025-10-31 00:01:05.877000","242","False","False",""
"1","1","Attuned Hunter","tdm","Near Mint","English","","","2025-10-15 19:16:15.953000","135","False","False",""
"1","1","Aurelia, the Warleader","fdn","Near Mint","English","","","2025-10-19 21:44:49.157000","651","False","False",""
"4","4","Authority of the Consuls","fdn","Near Mint","English","","","2025-11-07 19:44:53.863000","137","False","False",""
"1","1","Awaken the Sleeper","one","Near Mint","English","","","2025-10-15 19:25:37.873000","119","False","False",""
"1","1","Axgard Cavalry","fdn","Near Mint","English","foil","","2025-11-06 20:07:51.047000","189","False","False",""
"3","3","Axgard Cavalry","fdn","Near Mint","English","","","2025-11-06 20:08:08.130000","189","False","False",""
"1","1","Ayara, First of Locthwain","eld","Near Mint","English","","","2025-10-30 21:05:53.673000","75","False","False",""
"1","1","Ayli, Eternal Pilgrim","fdn","Near Mint","English","","","2025-10-19 21:44:49.157000","652","False","False",""
"1","1","Azorius Guildgate","fdn","Near Mint","English","","","2025-10-19 21:44:49.157000","683","False","False",""
"1","1","Back for More","otp","Near Mint","English","","","2025-10-31 02:58:57.413000","36","False","False",""
"2","2","Bake into a Pie","fdn","Near Mint","English","foil","","2025-11-06 17:05:44.753000","169","False","False",""
"4","4","Bake into a Pie","fdn","Near Mint","English","","","2025-11-06 17:05:54.937000","169","False","False",""
"3","3","Balemurk Leech","dsk","Near Mint","English","","","2025-10-31 00:05:27.017000","84","False","False",""
"1","1","Ball Lightning","fdn","Near Mint","English","","","2025-10-19 21:44:49.157000","618","False","False",""
"2","2","Ballyrush Banneret","fdn","Near Mint","English","","","2025-10-19 21:44:49.157000","567","False","False",""
"1","1","Balustrade Wurm","dsk","Near Mint","English","","","2025-10-25 22:00:47.510000","168","False","False",""
"1","1","Banishing Light","blb","Near Mint","English","","","2025-10-29 01:01:12.620000","1","False","False",""
"6","6","Banishing Light","fdn","Near Mint","English","","","2025-11-06 17:21:21.423000","138","False","False",""
"1","1","Banner of Kinship","fdn","Near Mint","English","","","2025-10-19 18:25:07.793000","127","False","False",""
"1","1","Barrow Naughty","woe","Near Mint","English","","","2025-10-30 23:45:50.503000","81","False","False",""
"1","1","Baseball Bat","dsk","Near Mint","English","","","2025-10-31 00:06:01.497000","209","False","False",""
"1","1","Bashful Beastie","dsk","Near Mint","English","","","2025-10-25 22:00:04.543000","169","False","False",""
"1","1","Basilisk Collar","fdn","Near Mint","English","","","2025-10-19 21:44:49.157000","669","False","False",""
"1","1","Battle-Rattle Shaman","fdn","Near Mint","English","","","2025-10-15 02:00:19.020000","533","False","False",""
"3","3","Battlesong Berserker","fdn","Near Mint","English","","","2025-11-07 20:33:03.837000","78","False","False",""
"1","1","Bear Cub","fdn","Near Mint","English","","","2025-10-15 02:00:19.020000","552","False","False",""
"2","2","Bear Trap","dsk","Near Mint","English","","","2025-10-25 21:54:19.217000","243","False","False",""
"1","1","Beastie Beatdown","dsk","Near Mint","English","foil","","2025-10-25 22:17:30.717000","210","False","False",""
"2","2","Beastie Beatdown","dsk","Near Mint","English","","","2025-10-25 22:21:10.057000","210","False","False",""
"2","2","Beast-Kin Ranger","fdn","Near Mint","English","foil","","2025-11-07 19:46:46.003000","100","False","False",""
"4","4","Beast-Kin Ranger","fdn","Near Mint","English","","","2025-11-06 20:18:30.627000","100","False","False",""
"1","1","Become Brutes","woe","Near Mint","English","foil","","2025-10-29 01:10:54.517000","317","False","False",""
"1","1","Bedhead Beastie","dsk","Near Mint","English","foil","","2025-10-19 18:27:53.873000","125","False","False",""
"2","2","Bedhead Beastie","dsk","Near Mint","English","","","2025-10-31 00:05:44.490000","125","False","False",""
"1","1","Behind the Mask","mkm","Near Mint","English","","","2025-10-25 22:13:42.447000","39","False","False",""
"1","1","Bellowing Crier","blb","Near Mint","English","","","2025-10-29 00:57:10.473000","42","False","False",""
"1","1","Benthic Criminologists","mkm","Near Mint","English","","","2025-10-25 22:14:03.740000","40","False","False",""
"1","1","Beseech the Mirror","woe","Near Mint","English","","","2025-10-29 01:14:17.003000","82","False","False",""
"1","1","Bespoke Battlegarb","woe","Near Mint","English","","","2025-10-29 01:09:06.197000","122","False","False",""
"1","1","Bestial Bloodline","woe","Near Mint","English","","","2025-10-29 01:00:06.930000","162","False","False",""
"4","4","Bigfin Bouncer","fdn","Near Mint","English","","","2025-11-06 16:54:26.853000","31","False","False",""
"1","1","Billowing Shriekmass","fdn","Near Mint","English","","","2025-11-06 17:12:30.560000","56","False","False",""
"1","1","Biogenic Upgrade","fdn","Near Mint","English","","","2025-10-15 02:00:19.020000","553","False","False",""
"1","1","Bishop's Soldier","fdn","Near Mint","English","","","2025-10-15 02:00:19.020000","491","False","False",""
"6","6","Bite Down","fdn","Near Mint","English","","","2025-11-06 20:23:11.427000","212","False","False",""
"1","1","Bite Down on Crime","mkm","Near Mint","English","","","2025-10-25 21:58:33.413000","154","False","False",""
"1","1","Bladehold War-Whip","one","Near Mint","English","foil","","2025-10-15 19:44:02.790000","197","False","False",""
"1","1","Bladehold War-Whip","one","Near Mint","English","","","2025-10-15 19:33:38.697000","197","False","False",""
"2","2","Blanchwood Armor","fdn","Near Mint","English","","","2025-11-06 20:26:38.353000","213","False","False",""
"2","2","Blasphemous Edict","fdn","Near Mint","English","","","2025-11-06 20:52:51.327000","57","False","False",""
"1","1","Bleeding Woods","dsk","Near Mint","English","foil","","2025-10-31 00:01:25.900000","257","False","False",""
"2","2","Bleeding Woods","dsk","Near Mint","English","","","2025-10-30 23:54:03.233000","257","False","False",""
"1","1","Blightbelly Rat","one","Near Mint","English","foil","","2025-10-31 03:02:45.060000","289","False","False",""
"1","1","Blightbelly Rat","one","Near Mint","English","","","2025-10-15 19:25:00.137000","85","False","False",""
"1","1","Blood Bairn","m14","Near Mint","English","","","2025-11-09 03:01:47.747000","87","False","False",""
"2","2","Bloodfell Caves","fdn","Near Mint","English","","","2025-10-19 21:44:49.157000","259","False","False",""
"1","1","Bloodfell Caves","tdm","Near Mint","English","","","2025-11-07 19:56:41.123000","250","False","False",""
"1","1","Bloodsoaked Champion","ktk","Near Mint","English","","","2025-10-31 03:07:52.953000","66","False","False",""
"1","1","Bloodthrone Vampire","mm2","Near Mint","English","","","2025-11-09 03:01:00.453000","72","False","False",""
"1","1","Bloodtithe Collector","fdn","Near Mint","English","","","2025-10-15 02:00:19.020000","516","False","False",""
"1","1","Blooming Blast","blb","Near Mint","English","","","2025-10-29 01:07:25.087000","126","False","False",""
"2","2","Blossoming Sands","fdn","Near Mint","English","","","2025-10-19 21:44:49.157000","260","False","False",""
"1","1","Boilerbilges Ripper","dsk","Near Mint","English","","","2025-10-30 23:56:56.823000","127","False","False",""
"1","1","Bolrac-Clan Basher","mkm","Near Mint","English","","","2025-10-25 22:02:06.400000","112","False","False",""
"2","2","Bolt Bend","fdn","Near Mint","English","","","2025-10-19 21:44:49.157000","619","False","False",""
"2","2","Boltwave","fdn","Near Mint","English","","","2025-11-06 20:16:23.640000","79","False","False",""
"2","2","Bonepicker Skirge","one","Near Mint","English","","","2025-11-07 19:34:51.453000","290","False","False",""
"1","1","Boros Charm","fdn","Near Mint","English","foil","","2025-10-19 21:44:49.157000","721","False","False",""
"1","1","Boros Guildgate","fdn","Near Mint","English","","","2025-10-19 21:44:49.157000","684","False","False",""
"1","1","Bottomless Pool // Locker Room","dsk","Near Mint","English","foil","","2025-10-15 16:15:34.937000","43","False","False",""
"1","1","Boundary Lands Ranger","woe","Near Mint","English","","","2025-10-29 01:09:52.787000","123","False","False",""
"1","1","Branchblight Stalker","one","Near Mint","English","","","2025-11-07 19:34:16.437000","160","False","False",""
"1","1","Brass's Bounty","fdn","Near Mint","English","","","2025-11-06 20:15:22.887000","190","False","False",""
"2","2","Brazen Scourge","fdn","Near Mint","English","","","2025-11-06 20:15:51.763000","191","False","False",""
"1","1","Break Down the Door","dsk","Near Mint","English","foil","","2025-10-31 00:06:19.583000","170","False","False",""
"1","1","Brightfield Mustang","dft","Near Mint","English","","","2025-11-07 20:36:19.313000","5","False","False",""
"1","1","Brimstone Roundup","otj","Near Mint","English","","","2025-10-15 16:21:12.493000","115","False","False",""
"1","1","Brineborn Cutthroat","fdn","Near Mint","English","foil","","2025-11-06 16:54:57.300000","152","False","False",""
"5","5","Brineborn Cutthroat","fdn","Near Mint","English","","","2025-11-06 16:55:09.893000","152","False","False",""
"1","1","Broken Wings","fdn","Near Mint","English","foil","","2025-11-06 20:22:48.597000","214","False","False",""
"6","6","Broken Wings","fdn","Near Mint","English","","","2025-11-06 20:22:57.797000","214","False","False",""
"1","1","Broodspinner","dsk","Near Mint","English","","","2025-10-30 23:58:37.053000","211","False","False",""
"2","2","Bulk Up","fdn","Near Mint","English","","","2025-11-06 20:09:45.173000","80","False","False",""
"6","6","Burglar Rat","fdn","Near Mint","English","","","2025-11-07 20:32:16.457000","170","False","False",""
"1","1","Burnished Hart","fdn","Near Mint","English","","","2025-10-19 21:44:49.157000","250","False","False",""
"1","1","Burrog Befuddler","fdn","Near Mint","English","","","2025-10-15 02:00:19.020000","504","False","False",""
"9","9","Burst Lightning","fdn","Near Mint","English","","","2025-11-06 20:12:38.010000","192","False","False",""
"6","6","Bushwhack","fdn","Near Mint","English","","","2025-11-06 20:24:51.407000","215","False","False",""
"1","1","Cache Grab","blb","Near Mint","English","","","2025-10-29 00:59:37.580000","167","False","False",""
"1","1","Cackling Prowler","fdn","Near Mint","English","foil","","2025-11-06 20:24:09.953000","101","False","False",""
"5","5","Cackling Prowler","fdn","Near Mint","English","","","2025-11-07 19:49:00.443000","101","False","False",""
"1","1","Cackling Slasher","dsk","Near Mint","English","","","2025-10-31 00:00:24.617000","85","False","False",""
"1","1","Cacophony Scamp","one","Near Mint","English","","","2025-11-07 19:38:00.510000","124","False","False",""
"1","1","Cactarantula","otj","Near Mint","English","","","2025-10-15 16:24:21.630000","158","False","False",""
"1","1","Calamitous Tide","blb","Near Mint","English","","","2025-10-29 00:55:37.053000","43","False","False",""
"1","1","Cancel","fdn","Near Mint","English","","","2025-10-15 02:00:19.020000","505","False","False",""
"1","1","Cankerbloom","one","Near Mint","English","","","2025-10-15 19:36:27.070000","161","False","False",""
"1","1","Caretaker's Talent","blb","Near Mint","English","","","2025-10-29 01:02:27.967000","6","False","False",""
"1","1","Carnelian Orb of Dragonkind","fdn","Near Mint","English","","","2025-10-15 02:00:19.020000","534","False","False",""
"1","1","Carnivorous Canopy","one","Near Mint","English","","","2025-10-15 19:38:27.473000","162","False","False",""
"1","1","Carrion Feeder","mh1","Near Mint","English","","","2025-10-30 22:35:33.747000","81","False","False",""
"1","1","Carrot Cake","blb","Near Mint","English","","","2025-10-29 01:02:01.090000","7","False","False",""
"2","2","Cat Collector","fdn","Near Mint","English","","","2025-10-19 21:44:49.157000","4","False","False",""
"4","4","Cathar Commando","fdn","Near Mint","English","","","2025-11-07 19:52:39.490000","139","False","False",""
"1","1","Cauldron Familiar","eld","Near Mint","English","","","2025-10-29 01:15:15.867000","81","False","False",""
"3","3","Cautious Survivor","dsk","Near Mint","English","","","2025-10-30 23:59:21.110000","172","False","False",""
"1","1","Cemetery Recruitment","fdn","Near Mint","English","","","2025-10-15 02:00:19.020000","517","False","False",""
"1","1","Central Elevator // Promising Stairs","dsk","Near Mint","English","","","2025-10-15 14:55:35.800000","44","False","False",""
"1","1","Cephalid Inkmage","fdn","Near Mint","English","","","2025-11-06 17:00:14.487000","32","False","False",""
"1","1","Chalk Outline","mkm","Near Mint","English","","","2025-10-25 21:58:25.600000","157","False","False",""
"2","2","Champion of Dusan","tdm","Near Mint","English","","","2025-10-15 19:21:26.953000","137","False","False",""
"2","2","Chandra, Flameshaper","fdn","Near Mint","English","","","2025-11-06 20:53:17.820000","81","False","False",""
"1","1","Charforger","one","Near Mint","English","","","2025-11-07 19:37:31.583000","199","False","False",""
"1","1","Charge of the Mites","one","Near Mint","English","","","2025-10-15 19:38:13.457000","6","False","False",""
"1","1","Charming Prince","fdn","Near Mint","English","","","2025-10-19 21:44:49.157000","568","False","False",""
"2","2","Chart a Course","fdn","Near Mint","English","","","2025-10-19 21:44:49.157000","586","False","False",""
"1","1","Child of Night","m14","Near Mint","English","","","2025-11-09 03:01:36.460000","89","False","False",""
"1","1","Churning Reservoir","one","Near Mint","English","","","2025-11-07 19:35:00.663000","127","False","False",""
"4","4","Circuitous Route","fdn","Near Mint","English","","","2025-10-19 21:44:49.157000","635","False","False",""
"2","2","Clammy Prowler","dsk","Near Mint","English","","","2025-10-30 23:55:56.143000","45","False","False",""
"1","1","Claws Out","fdn","Near Mint","English","foil","","2025-11-06 17:15:50.660000","6","False","False",""
"2","2","Claws Out","fdn","Near Mint","English","","","2025-11-07 19:49:06.873000","6","False","False",""
"1","1","Clifftop Lookout","blb","Near Mint","English","","","2025-10-29 00:58:02.623000","168","False","False",""
"3","3","Clinquant Skymage","fdn","Near Mint","English","","","2025-11-06 17:02:19.273000","33","False","False",""
"3","3","Clockwork Percussionist","dsk","Near Mint","English","","","2025-10-30 23:55:48.023000","130","False","False",""
"2","2","Cloudblazer","fdn","Near Mint","English","","","2025-10-19 21:44:49.157000","653","False","False",""
"1","1","Coerced to Kill","mkm","Near Mint","English","","","2025-10-25 22:20:07.080000","192","False","False",""
"1","1","Collector's Vault","woe","Near Mint","English","","","2025-10-30 23:48:11.190000","244","False","False",""
"1","1","Colossal Rattlewurm","otj","Near Mint","English","","","2025-10-15 16:24:34.243000","159","False","False",""
"1","1","Come Back Wrong","dsk","Near Mint","English","","","2025-10-15 16:15:56.480000","86","False","False",""
"2","2","Command Tower","fdc","Near Mint","English","foil","","2025-10-25 22:35:28.103000","3","False","False",""
"1","1","Commercial District","mkm","Near Mint","English","","","2025-10-25 22:23:35.793000","259","False","False",""
"1","1","Compleat Devotion","one","Near Mint","English","","","2025-10-15 19:29:30.307000","7","False","False",""
"1","1","Concealed Weapon","mkm","Near Mint","English","","","2025-10-25 22:03:23.057000","117","False","False",""
"1","1","Conceited Witch // Price of Beauty","woe","Near Mint","English","","","2025-10-30 23:47:47.170000","84","False","False",""
"1","1","Conduct Electricity","blb","Near Mint","English","","","2025-10-29 01:08:09.330000","130","False","False",""
"1","1","Conductive Machete","dsk","Near Mint","English","","","2025-10-25 21:55:19.270000","244","False","False",""
"1","1","Conduit of Worlds","tdc","Near Mint","English","","","2025-11-07 19:34:37.847000","251","False","False",""
"1","1","Conduit Pylons","otj","Near Mint","English","","","2025-10-15 16:26:55.387000","254","False","False",""
"1","1","Confiscate","fdn","Near Mint","English","foil","","2025-10-19 21:44:49.157000","709","False","False",""
"1","1","Consulate Crackdown","aer","Near Mint","English","","","2025-10-31 03:11:43.713000","11","False","False",""
"1","1","Consumed by Greed","blb","Near Mint","English","","","2025-10-29 01:12:01.657000","87","False","False",""
"1","1","Consuming Aberration","fdn","Near Mint","English","","","2025-10-19 21:44:49.157000","238","False","False",""
"1","1","Contagious Vorrac","one","Near Mint","English","","","2025-11-07 19:31:27.847000","164","False","False",""
"1","1","Coordinated Clobbering","dsk","Near Mint","English","","","2025-10-30 23:58:10.157000","173","False","False",""
"1","1","Cornered Crook","mkm","Near Mint","English","","","2025-10-25 22:01:50.030000","120","False","False",""
"1","1","Corpseberry Cultivator","blb","Near Mint","English","","","2025-10-29 01:17:44.483000","210","False","False",""
"1","1","Corsair Captain","fdn","Near Mint","English","","","2025-10-15 02:00:19.020000","506","False","False",""
"3","3","Courageous Goblin","fdn","Near Mint","English","","","2025-11-06 20:12:12.437000","82","False","False",""
"1","1","Court of Ardenvale","woc","Near Mint","English","","","2025-10-29 01:06:08.133000","21","False","False",""
"1","1","Crackling Cyclops","fdn","Near Mint","English","foil","","2025-11-06 20:11:14.370000","83","False","False",""
"7","7","Crackling Cyclops","fdn","Near Mint","English","","","2025-11-06 20:11:36.257000","83","False","False",""
"2","2","Crash Through","fdn","Near Mint","English","","","2025-10-19 21:44:49.157000","620","False","False",""
"1","1","Craterhoof Behemoth","tdm","Near Mint","English","","","2025-10-15 19:44:26.093000","138","False","False",""
"1","1","Crawling Barrens","fdn","Near Mint","English","","","2025-10-19 21:44:49.157000","685","False","False",""
"1","1","Crawling Chorus","one","Near Mint","English","","","2025-10-15 19:37:57.750000","8","False","False",""
"3","3","Creeping Peeper","dsk","Near Mint","English","","","2025-10-30 23:57:19.220000","46","False","False",""
"1","1","Crimestopper Sprite","mkm","Near Mint","English","","","2025-10-25 22:14:22.460000","49","False","False",""
"1","1","Crossway Troublemakers","fdn","Near Mint","English","","","2025-10-15 02:00:19.020000","518","False","False",""
"1","1","Crow of Dark Tidings","fdn","Near Mint","English","","","2025-10-15 02:00:19.020000","519","False","False",""
"1","1","Crowd-Control Warden","mkm","Near Mint","English","foil","","2025-10-25 22:18:00.013000","193","False","False",""
"1","1","Cruel Grimnarch","one","Near Mint","English","","","2025-10-15 19:26:48.220000","88","False","False",""
"2","2","Cruel Truths","tdm","Near Mint","English","","","2025-10-15 19:14:52.243000","76","False","False",""
"2","2","Crumb and Get It","blb","Near Mint","English","","","2025-10-29 01:01:34.350000","8","False","False",""
"2","2","Crusader of Odric","fdn","Near Mint","English","","","2025-10-19 21:44:49.157000","569","False","False",""
"1","1","Crypt Feaster","fdn","Near Mint","English","foil","","2025-11-06 17:08:22.100000","59","False","False",""
"5","5","Crypt Feaster","fdn","Near Mint","English","","","2025-11-07 19:48:03.530000","59","False","False",""
"1","1","Cryptic Caves","fdn","Near Mint","English","","","2025-10-19 21:44:49.157000","686","False","False",""
"2","2","Cryptid Inspector","dsk","Near Mint","English","","","2025-10-30 23:57:11.720000","174","False","False",""
"1","1","Cult Healer","dsk","Near Mint","English","","","2025-10-19 18:32:36.360000","2","False","False",""
"1","1","Cultivator's Caravan","fdn","Near Mint","English","","","2025-10-19 21:44:49.157000","670","False","False",""
"1","1","Cursed Courtier","woe","Near Mint","English","","","2025-10-29 01:04:14.333000","9","False","False",""
"1","1","Cursed Windbreaker","dsk","Near Mint","English","","","2025-10-30 23:56:20.667000","47","False","False",""
"1","1","Cut In","woe","Near Mint","English","","","2025-10-30 23:46:54.320000","125","False","False",""
"1","1","Cutthroat Centurion","one","Near Mint","English","foil","","2025-10-31 03:02:32.250000","89","False","False",""
"1","1","Cynical Loner","dsk","Near Mint","English","","","2025-10-15 14:50:12.687000","89","False","False",""
"2","2","Daggermaw Megalodon","dsk","Near Mint","English","","","2025-10-30 23:59:29.143000","48","False","False",""
"1","1","Dalkovan Encampment","tdm","Near Mint","English","","","2025-11-07 19:56:28.730000","253","False","False",""
"1","1","Damnation","spg","Near Mint","English","","","2025-10-30 23:52:17.730000","68","False","False",""
"1","1","Dance of the Tumbleweeds","otj","Near Mint","English","","","2025-10-15 16:25:13.487000","160","False","False",""
"1","1","Dark Tutelage","wot","Near Mint","English","foil","","2025-10-31 03:18:58.087000","28","False","False",""
"1","1","Dark Tutelage","wot","Near Mint","English","","","2025-10-31 03:19:08.710000","28","False","False",""
"1","1","Darksteel Colossus","fdn","Near Mint","English","","","2025-10-19 21:44:49.157000","671","False","False",""
"1","1","Dauntless Veteran","fdn","Near Mint","English","","","2025-11-06 17:24:16.080000","8","False","False",""
"2","2","Dawnwing Marshal","fdn","Near Mint","English","","","2025-10-19 21:44:49.157000","570","False","False",""
"3","3","Daxos, Blessed by the Sun","thb","Near Mint","English","","","2025-11-06 20:55:15.203000","9","False","False",""
"1","1","Daxos, Blessed by the Sun","mul","Near Mint","English","","","2025-11-06 20:55:39.967000","2","False","False",""
"1","1","Day of Judgment","fdn","Near Mint","English","","","2025-11-06 20:53:36.510000","140","False","False",""
"5","5","Dazzling Angel","fdn","Near Mint","English","","","2025-11-07 20:31:51.637000","9","False","False",""
"2","2","Deadly Brew","fdn","Near Mint","English","","","2025-10-19 21:44:49.157000","654","False","False",""
"1","1","Deadly Plot","fdn","Near Mint","English","","","2025-10-15 02:00:19.020000","520","False","False",""
"1","1","Deadly Riposte","fdn","Near Mint","English","","","2025-10-15 02:00:19.020000","492","False","False",""
"1","1","Death Baron","fdn","Near Mint","English","","","2025-10-15 02:00:19.020000","521","False","False",""
"1","1","Deathcap Cultivator","soi","Near Mint","English","","","2025-10-31 03:08:29.820000","202","False","False",""
"1","1","Deathlace","4ed","Near Mint","English","","","2025-10-31 03:07:34.360000","131","False","False",""
"2","2","Deathmark","fdn","Near Mint","English","","","2025-10-19 21:44:49.157000","601","False","False",""
"1","1","Deduce","mkm","Near Mint","English","","","2025-10-25 22:13:34.307000","293","False","False",""
"1","1","Defenestrated Phantom","mkm","Near Mint","English","","","2025-10-25 22:12:17.697000","11","False","False",""
"1","1","Defiant Survivor","dsk","Near Mint","English","","","2025-10-25 22:00:26.237000","175","False","False",""
"1","1","Delta Bloodflies","tdm","Near Mint","English","","","2025-11-07 19:40:53.660000","77","False","False",""
"1","1","Demolition Field","fdn","Near Mint","English","","","2025-10-19 21:44:49.157000","687","False","False",""
"1","1","Demonic Pact","fdn","Near Mint","English","","","2025-10-19 21:44:49.157000","602","False","False",""
"4","4","Derelict Attic // Widow's Walk","dsk","Near Mint","English","","","2025-10-30 23:55:32.963000","93","False","False",""
"1","1","Desecration Demon","fdn","Near Mint","English","","","2025-10-19 21:44:49.157000","603","False","False",""
"1","1","Desert's Due","otj","Near Mint","English","","","2025-10-15 16:18:59.453000","85","False","False",""
"1","1","Detective's Satchel","mkm","Near Mint","English","","","2025-10-25 22:19:12.750000","196","False","False",""
"1","1","Devoted Duelist","tdm","Near Mint","English","foil","","2025-10-31 03:00:50.153000","104","False","False",""
"2","2","Devout Decree","fdn","Near Mint","English","","","2025-10-19 21:44:49.157000","571","False","False",""
"1","1","Dewdrop Cure","blb","Near Mint","English","","","2025-10-29 01:01:53.643000","10","False","False",""
"2","2","Diamond Mare","fdn","Near Mint","English","","","2025-10-19 21:44:49.157000","672","False","False",""
"1","1","Dictate of Kruphix","fdn","Near Mint","English","","","2025-10-19 21:44:49.157000","587","False","False",""
"1","1","Dimir Guildgate","fdn","Near Mint","English","","","2025-10-19 21:44:49.157000","688","False","False",""
"1","1","Dire Downdraft","blb","Near Mint","English","","","2025-10-29 00:56:25.103000","46","False","False",""
"2","2","Diregraf Ghoul","fdn","Near Mint","English","","","2025-11-06 17:13:24.777000","171","False","False",""
"1","1","Dirgur Island Dragon // Skimming Strike","tdm","Near Mint","English","","","2025-11-07 19:40:27.390000","40","False","False",""
"1","1","Discerning Peddler","otj","Near Mint","English","","","2025-10-15 16:20:09.950000","121","False","False",""
"2","2","Disenchant","fdn","Near Mint","English","","","2025-10-19 21:44:49.157000","572","False","False",""
"1","1","Dismal Backwater","tdm","Near Mint","English","","","2025-10-15 19:24:29.123000","254","False","False",""
"3","3","Dismal Backwater","fdn","Near Mint","English","","","2025-10-19 21:44:49.157000","261","False","False",""
"1","1","Disruptive Stormbrood // Petty Revenge","tdm","Near Mint","English","foil","","2025-11-07 19:44:31.540000","178","False","False",""
"1","1","Dissection Tools","dsk","Near Mint","English","","","2025-10-25 21:55:00.643000","245","False","False",""
"1","1","Distorted Curiosity","one","Near Mint","English","","","2025-11-07 19:40:12.090000","46","False","False",""
"1","1","Disturbing Mirth","dsk","Near Mint","English","","","2025-10-25 22:20:48.863000","212","False","False",""
"2","2","Dive Down","fdn","Near Mint","English","","","2025-10-19 21:44:49.157000","588","False","False",""
"1","1","Diversion Specialist","dsk","Near Mint","English","","","2025-10-19 18:26:29.257000","132","False","False",""
"3","3","Divine Resilience","fdn","Near Mint","English","","","2025-11-07 20:33:14.367000","10","False","False",""
"1","1","Dog Walker","mkm","Near Mint","English","","","2025-10-25 22:18:29.380000","197","False","False",""
"3","3","Don't Make a Sound","dsk","Near Mint","English","","","2025-10-31 00:02:38.713000","49","False","False",""
"1","1","Doomsday Excruciator","dsk","Near Mint","English","","","2025-10-19 18:29:48.657000","346","False","False",""
"1","1","Downwind Ambusher","blb","Near Mint","English","","","2025-10-29 01:12:55.773000","92","False","False",""
"1","1","Draconautics Engineer","dft","Near Mint","English","","","2025-11-07 20:36:08.370000","121","False","False",""
"2","2","Drag to the Roots","dsk","Near Mint","English","","","2025-10-31 00:00:33.833000","213","False","False",""
"5","5","Dragon Fodder","fdn","Near Mint","English","","","2025-10-19 21:44:49.157000","535","False","False",""
"2","2","Dragon Mage","fdn","Near Mint","English","","","2025-10-19 21:44:49.157000","621","False","False",""
"1","1","Dragon Trainer","fdn","Near Mint","English","","","2025-11-06 20:15:29.600000","84","False","False",""
"1","1","Dragonlord's Servant","fdn","Near Mint","English","","","2025-10-15 02:00:19.020000","536","False","False",""
"1","1","Dragonmaster Outcast","fdn","Near Mint","English","","","2025-10-19 21:44:49.157000","622","False","False",""
"1","1","Dragonwing Glider","one","Near Mint","English","","","2025-10-15 19:27:19.303000","128","False","False",""
"1","1","Drake Hatcher","fdn","Near Mint","English","","","2025-11-06 17:00:38.533000","35","False","False",""
"2","2","Drakuseth, Maw of Flames","fdn","Near Mint","English","","","2025-11-06 20:16:04.800000","193","False","False",""
"1","1","Dramatic Accusation","mkm","Near Mint","English","","","2025-10-25 22:15:05.860000","53","False","False",""
"1","1","Dread Summons","fdn","Near Mint","English","","","2025-10-19 21:44:49.157000","604","False","False",""
"1","1","Dreadwing Scavenger","fdn","Near Mint","English","","","2025-10-19 21:44:49.157000","118","False","False",""
"2","2","Driver of the Dead","fdn","Near Mint","English","","","2025-10-19 21:44:49.157000","605","False","False",""
"1","1","Drogskol Reaver","fdn","Near Mint","English","","","2025-10-19 21:44:49.157000","655","False","False",""
"1","1","Dropkick Bomber","fdn","Near Mint","English","","","2025-10-15 02:00:19.020000","537","False","False",""
"1","1","Dross Skullbomb","one","Near Mint","English","","","2025-10-15 19:26:36.403000","225","False","False",""
"1","1","Druid of the Cowl","fdn","Near Mint","English","","","2025-10-15 02:00:19.020000","554","False","False",""
"2","2","Dryad Militant","fdn","Near Mint","English","","","2025-10-19 21:44:49.157000","656","False","False",""
"2","2","Due Diligence","mkm","Near Mint","English","","","2025-10-25 22:11:59.600000","14","False","False",""
"2","2","Duress","fdn","Near Mint","English","","","2025-10-19 21:44:49.157000","606","False","False",""
"1","1","Duress","one","Near Mint","English","","","2025-10-15 19:34:39.717000","92","False","False",""
"1","1","Duskmourn's Domination","dsk","Near Mint","English","","","2025-10-31 00:03:31.123000","50","False","False",""
"1","1","Dusyut Earthcarver","tdm","Near Mint","English","","","2025-10-15 19:19:20.657000","141","False","False",""
"1","1","Dwynen, Gilt-Leaf Daen","fdn","Near Mint","English","","","2025-11-06 20:28:01.637000","217","False","False",""
"6","6","Dwynen's Elite","fdn","Near Mint","English","","","2025-11-06 20:19:07.930000","218","False","False",""
"1","1","Dynamite Diver","dft","Near Mint","English","","","2025-11-07 20:35:09.360000","123","False","False",""
"2","2","Eager Trufflesnout","fdn","Near Mint","English","","","2025-11-07 19:49:21.753000","102","False","False",""
"1","1","Early Winter","blb","Near Mint","English","","","2025-10-29 01:12:46.330000","93","False","False",""
"4","4","Eaten Alive","fdn","Near Mint","English","","","2025-11-06 17:11:55.277000","172","False","False",""
"1","1","Eaten by Piranhas","fdn","Near Mint","English","","","2025-10-15 02:00:19.020000","507","False","False",""
"1","1","Electroduplicate","fdn","Near Mint","English","foil","","2025-11-06 20:14:18.407000","85","False","False",""
"1","1","Electroduplicate","fdn","Near Mint","English","","","2025-11-06 20:14:25.133000","85","False","False",""
"3","3","Elementalist Adept","fdn","Near Mint","English","","","2025-11-06 16:57:29.913000","36","False","False",""
"4","4","Elfsworn Giant","fdn","Near Mint","English","","","2025-11-07 19:53:57.177000","103","False","False",""
"1","1","Elspeth's Smite","fdn","Near Mint","English","","","2025-10-15 02:00:19.020000","493","False","False",""
"2","2","Elvish Archdruid","fdn","Near Mint","English","","","2025-11-06 20:30:04.630000","219","False","False",""
"4","4","Elvish Regrower","fdn","Near Mint","English","","","2025-11-06 20:25:58.237000","104","False","False",""
"1","1","Embereth Veteran","woe","Near Mint","English","","","2025-10-29 01:10:24.993000","127","False","False",""
"2","2","Emerge from the Cocoon","dsk","Near Mint","English","","","2025-10-25 22:10:09.960000","5","False","False",""
"1","1","Empyrean Eagle","fdn","Near Mint","English","","","2025-10-19 21:44:49.157000","239","False","False",""
"1","1","Enduring Innocence","dsk","Near Mint","English","","","2025-10-31 00:01:15.610000","6","False","False",""
"2","2","Enigma Drake","fdn","Near Mint","English","","","2025-10-19 21:44:49.157000","657","False","False",""
"2","2","Enter the Enigma","dsk","Near Mint","English","","","2025-10-30 23:55:06.053000","52","False","False",""
"1","1","Entity Tracker","dsk","Near Mint","English","","","2025-10-15 16:16:38.693000","53","False","False",""
"1","1","Eriette's Tempting Apple","woe","Near Mint","English","","","2025-10-29 01:18:35.853000","245","False","False",""
"2","2","Erratic Apparition","dsk","Near Mint","English","","","2025-10-31 00:04:59.327000","54","False","False",""
"6","6","Erudite Wizard","fdn","Near Mint","English","","","2025-11-07 20:31:37.217000","37","False","False",""
"1","1","Escape Tunnel","mkm","Near Mint","English","foil","","2025-10-25 22:22:22.967000","261","False","False",""
"1","1","Escape Tunnel","mkm","Near Mint","English","","","2025-10-25 22:23:24.377000","261","False","False",""
"1","1","Escaped Experiment","one","Near Mint","English","foil","","2025-11-07 19:29:28.650000","48","False","False",""
"1","1","Eshki Dragonclaw","tdm","Near Mint","English","","","2025-10-15 19:17:27.473000","182","False","False",""
"2","2","Essence Channeler","blb","Near Mint","English","","","2025-11-06 20:51:59.827000","12","False","False",""
"3","3","Essence Scatter","fdn","Near Mint","English","","","2025-11-06 17:02:29.440000","153","False","False",""
"4","4","Evolving Wilds","fdn","Near Mint","English","","","2025-11-07 19:50:13.477000","262","False","False",""
"1","1","Exclusion Mage","fdn","Near Mint","English","","","2025-10-15 02:00:19.020000","508","False","False",""
"1","1","Exemplar of Light","fdn","Near Mint","English","","","2025-10-15 14:03:18.553000","11","False","False",""
"1","1","Exotic Orchard","afc","Near Mint","English","","","2025-10-31 03:05:51.663000","236","False","False",""
"1","1","Expedition Map","fdn","Near Mint","English","foil","","2025-10-19 21:44:49.157000","724","False","False",""
"1","1","Expel the Unworthy","mh3","Near Mint","English","foil","","2025-10-31 03:05:19.613000","25","False","False",""
"1","1","Experimental Augury","one","Near Mint","English","","","2025-11-07 19:30:36.250000","49","False","False",""
"1","1","Expose the Culprit","mkm","Near Mint","English","","","2025-10-25 22:01:07.387000","307","False","False",""
"2","2","Exsanguinate","fdn","Near Mint","English","","","2025-11-06 17:15:10.563000","173","False","False",""
"1","1","Exuberant Fuseling","one","Near Mint","English","","","2025-11-07 19:37:41.623000","129","False","False",""
"1","1","Fabled Passage","blb","Near Mint","English","","","2025-10-29 01:16:12.830000","252","False","False",""
"1","1","Fae Flight","mkm","Near Mint","English","","","2025-10-25 22:14:56.493000","56","False","False",""
"3","3","Faebloom Trick","fdn","Near Mint","English","","","2025-11-06 17:00:48.057000","38","False","False",""
"1","1","Faerie Dreamthief","woe","Near Mint","English","","","2025-10-29 01:14:32.267000","89","False","False",""
"1","1","Failed Fording","otj","Near Mint","English","","","2025-10-15 16:23:46.903000","47","False","False",""
"3","3","Fake Your Own Death","fdn","Near Mint","English","","","2025-11-06 17:09:01.917000","174","False","False",""
"3","3","Fanatic of the Harrowing","dsk","Near Mint","English","","","2025-10-31 00:02:13.193000","96","False","False",""
"1","1","Fanatical Firebrand","fdn","Near Mint","English","foil","","2025-11-06 20:10:16.140000","195","False","False",""
"5","5","Fanatical Firebrand","fdn","Near Mint","English","","","2025-11-07 19:52:12.400000","195","False","False",""
"3","3","Fear of Abduction","dsk","Near Mint","English","","","2025-10-31 00:06:09.470000","9","False","False",""
"2","2","Fear of Burning Alive","dsk","Near Mint","English","","","2025-10-31 00:00:56.473000","135","False","False",""
"1","1","Fear of Impostors","dsk","Near Mint","English","","","2025-10-15 14:56:02.810000","57","False","False",""
"2","2","Fear of Infinity","dsk","Near Mint","English","","","2025-10-25 22:21:39.707000","214","False","False",""
"1","1","Fear of Isolation","dsk","Near Mint","English","","","2025-10-30 23:58:18.900000","58","False","False",""
"1","1","Fear of Lost Teeth","dsk","Near Mint","English","","","2025-10-31 00:03:11.030000","97","False","False",""
"1","1","Fear of Missing Out","dsk","Near Mint","English","","","2025-10-25 22:04:06.517000","136","False","False",""
"1","1","Fear of Surveillance","dsk","Near Mint","English","","","2025-10-25 22:09:44.463000","11","False","False",""
"1","1","Fear of the Dark","dsk","Near Mint","English","","","2025-10-19 18:29:21.930000","98","False","False",""
"1","1","Fecund Greenshell","blb","Near Mint","English","","","2025-10-29 00:58:29.980000","171","False","False",""
"1","1","Feed the Cycle","blb","Near Mint","English","","","2025-10-29 01:12:32.803000","94","False","False",""
"1","1","Feed the Swarm","fdn","Near Mint","English","foil","","2025-10-19 21:44:49.157000","712","False","False",""
"2","2","Feldon's Cane","fdn","Near Mint","English","","","2025-10-19 21:44:49.157000","673","False","False",""
"2","2","Felidar Cub","fdn","Near Mint","English","","","2025-10-19 21:44:49.157000","573","False","False",""
"1","1","Felidar Retreat","fdn","Near Mint","English","","","2025-10-19 21:44:49.157000","574","False","False",""
"2","2","Felidar Savior","fdn","Near Mint","English","foil","","2025-11-06 17:20:46.720000","12","False","False",""
"5","5","Felidar Savior","fdn","Near Mint","English","","","2025-11-07 19:54:15.807000","12","False","False",""
"4","4","Felling Blow","fdn","Near Mint","English","","","2025-11-06 20:26:09.957000","105","False","False",""
"1","1","Festerleech","mkm","Near Mint","English","","","2025-10-25 22:05:55.920000","85","False","False",""
"2","2","Fiendish Panda","fdn","Near Mint","English","","","2025-11-07 19:51:02.833000","120","False","False",""
"2","2","Fierce Empath","fdn","Near Mint","English","","","2025-10-19 21:44:49.157000","636","False","False",""
"2","2","Fiery Annihilation","fdn","Near Mint","English","","","2025-11-06 20:15:02.723000","86","False","False",""
"3","3","Final Vengeance","dsk","Near Mint","English","","","2025-10-30 23:57:44.203000","99","False","False",""
"1","1","Finale of Revelation","fdn","Near Mint","English","","","2025-10-19 21:44:49.157000","589","False","False",""
"1","1","Finch Formation","blb","Near Mint","English","foil","","2025-10-29 00:54:45.620000","50","False","False",""
"2","2","Finch Formation","blb","Near Mint","English","","","2025-10-29 00:56:31.970000","50","False","False",""
"1","1","Fire Elemental","fdn","Near Mint","English","","","2025-10-15 02:00:19.020000","538","False","False",""
"5","5","Firebrand Archer","fdn","Near Mint","English","","","2025-11-07 19:48:16.207000","196","False","False",""
"1","1","Firemind's Foresight","rtr","Near Mint","English","","","2025-10-31 03:06:08.563000","162","False","False",""
"2","2","Fireshrieker","fdn","Near Mint","English","","","2025-10-19 21:44:49.157000","674","False","False",""
"1","1","Firespitter Whelp","fdn","Near Mint","English","foil","","2025-11-07 19:44:43.390000","197","False","False",""
"2","2","Firespitter Whelp","fdn","Near Mint","English","","","2025-11-06 20:16:13.340000","197","False","False",""
"2","2","Flashfreeze","fdn","Near Mint","English","","","2025-10-19 21:44:49.157000","590","False","False",""
"4","4","Fleeting Distraction","fdn","Near Mint","English","","","2025-11-06 16:56:41.683000","155","False","False",""
"1","1","Fleeting Effigy","tdm","Near Mint","English","","","2025-10-15 19:13:43.890000","108","False","False",""
"5","5","Fleeting Flight","fdn","Near Mint","English","","","2025-11-06 17:19:16.613000","13","False","False",""
"1","1","Flensing Raptor","one","Near Mint","English","","","2025-10-15 19:30:03.347000","12","False","False",""
"1","1","Flesh Burrower","dsk","Near Mint","English","","","2025-10-15 14:50:35.783000","178","False","False",""
"1","1","Flick a Coin","woe","Near Mint","English","","","2025-10-30 23:47:02.407000","128","False","False",""
"1","1","Floodpits Drowner","dsk","Near Mint","English","","","2025-10-25 22:16:27.280000","59","False","False",""
"1","1","Flotsam // Jetsam","mkm","Near Mint","English","","","2025-10-25 22:20:36.097000","247","False","False",""
"1","1","Flowerfoot Swordmaster","blb","Near Mint","English","","","2025-10-29 01:03:03.167000","14","False","False",""
"2","2","Fog Bank","fdn","Near Mint","English","","","2025-10-19 21:44:49.157000","591","False","False",""
"3","3","Font of Progress","one","Near Mint","English","","","2025-11-07 19:35:15.170000","51","False","False",""
"1","1","For the Common Good","blb","Near Mint","English","","","2025-10-29 00:55:00.143000","172","False","False",""
"1","1","Forest","otj","Near Mint","English","","","2025-10-15 16:28:00.263000","276","False","False",""
"8","8","Forest","fdn","Near Mint","English","","","2025-10-19 21:44:49.157000","280","False","False",""
"1","1","Forest","fdn","Near Mint","English","","","2025-10-19 21:44:49.157000","291","False","False",""
"1","1","Forest","fdn","Near Mint","English","","","2025-10-19 21:44:49.157000","290","False","False",""
"23","23","Forest","fdn","Near Mint","English","","","2025-10-19 21:44:49.157000","281","False","False",""
"1","1","Forgehammer Centurion","one","Near Mint","English","","","2025-11-07 19:37:10.460000","130","False","False",""
"1","1","Found Footage","dsk","Near Mint","English","","","2025-10-30 23:57:51.440000","246","False","False",""
"1","1","Frantic Firebolt","woe","Near Mint","English","","","2025-10-29 01:10:34.457000","130","False","False",""
"1","1","Frantic Scapegoat","mkm","Near Mint","English","","","2025-10-25 22:01:20.787000","347","False","False",""
"3","3","Frantic Strength","dsk","Near Mint","English","","","2025-10-31 00:03:18.627000","179","False","False",""
"1","1","Free from Flesh","one","Near Mint","English","","","2025-11-07 19:36:41.687000","131","False","False",""
"3","3","Frenzied Goblin","fdn","Near Mint","English","","","2025-11-06 20:12:58.493000","199","False","False",""
"3","3","Friendly Ghost","dsk","Near Mint","English","","","2025-10-30 23:55:14.257000","12","False","False",""
"1","1","Friendly Teddy","dsk","Near Mint","English","","","2025-10-25 21:55:36.260000","247","False","False",""
"1","1","Frolicking Familiar // Blow Off Steam","woe","Near Mint","English","","","2025-10-30 23:47:59.873000","226","False","False",""
"1","1","Frostbridge Guard","woe","Near Mint","English","foil","","2025-10-29 01:03:20.220000","14","False","False",""
"1","1","Fumigate","fdn","Near Mint","English","","","2025-10-19 21:44:49.157000","575","False","False",""
"1","1","Furious Forebear","tdm","Near Mint","English","","","2025-10-15 19:16:51.253000","13","False","False",""
"2","2","Fynn, the Fangbearer","fdn","Near Mint","English","","","2025-10-19 21:44:49.157000","637","False","False",""
"1","1","Gadget Technician","mkm","Near Mint","English","","","2025-10-25 22:18:22.347000","204","False","False",""
"1","1","Galewind Moose","blb","Near Mint","English","","","2025-10-29 00:59:18.490000","173","False","False",""
"1","1","Gallant Pie-Wielder","woe","Near Mint","English","","","2025-10-29 01:06:17.340000","15","False","False",""
"1","1","Galvanic Discharge","mh3","Near Mint","English","foil","","2025-10-31 03:01:11.887000","122","False","False",""
"1","1","Galvanize","mkm","Near Mint","English","","","2025-10-25 22:01:28.250000","128","False","False",""
"2","2","Garna, Bloodfist of Keld","fdn","Near Mint","English","","","2025-10-19 21:44:49.157000","658","False","False",""
"1","1","Garruk's Gorehorn","m21","Near Mint","English","","","2025-10-31 02:59:46.527000","184","False","False",""
"2","2","Garruk's Uprising","fdn","Near Mint","English","","","2025-11-06 20:27:41.263000","220","False","False",""
"1","1","Garruk's Uprising","wot","Near Mint","English","","","2025-10-29 01:00:26.923000","53","False","False",""
"2","2","Gate Colossus","fdn","Near Mint","English","","","2025-10-19 21:44:49.157000","675","False","False",""
"1","1","Gatekeeper of Malakir","fdn","Near Mint","English","foil","","2025-10-19 21:44:49.157000","713","False","False",""
"2","2","Gateway Sneak","fdn","Near Mint","English","","","2025-10-19 21:44:49.157000","592","False","False",""
"1","1","Genesis Wave","fdn","Near Mint","English","","","2025-11-06 20:26:58.793000","221","False","False",""
"1","1","Get Out","dsk","Near Mint","English","","","2025-10-19 18:31:43.297000","60","False","False",""
"1","1","Geth's Grimoire","plst","Near Mint","English","","","2025-11-07 19:31:44.897000","DST-123","False","False",""
"1","1","Geyser Drake","otj","Near Mint","English","foil","","2025-10-15 16:29:55.300000","51","False","False",""
"4","4","Ghitu Lavarunner","fdn","Near Mint","English","","","2025-10-19 21:44:49.157000","623","False","False",""
"1","1","Ghost Vacuum","dsk","Near Mint","English","","","2025-10-19 18:37:03.500000","248","False","False",""
"2","2","Giant Cindermaw","fdn","Near Mint","English","","","2025-10-19 21:44:49.157000","624","False","False",""
"7","7","Giant Growth","fdn","Near Mint","English","","","2025-11-07 20:31:28.977000","223","False","False",""
"1","1","Gigantosaurus","fdn","Near Mint","English","foil","","2025-10-19 21:44:49.157000","718","False","False",""
"1","1","Gilded Lotus","fdn","Near Mint","English","foil","","2025-10-19 21:44:49.157000","725","False","False",""
"3","3","Give In to Violence","dsk","Near Mint","English","","","2025-10-31 00:05:34.853000","101","False","False",""
"1","1","Gladehart Cavalry","ogw","Near Mint","English","","","2025-10-31 03:08:14.483000","132","False","False",""
"1","1","Glass Casket","woe","Near Mint","English","","","2025-10-29 01:04:04.207000","16","False","False",""
"2","2","Glassworks // Shattered Yard","dsk","Near Mint","English","","","2025-10-31 00:00:15.147000","137","False","False",""
"2","2","Gleaming Barrier","fdn","Near Mint","English","","","2025-10-15 13:48:29.737000","252","False","False",""
"2","2","Glimmerburst","dsk","Near Mint","English","","","2025-10-19 18:30:55.910000","62","False","False",""
"1","1","Glimmerlight","dsk","Near Mint","English","","","2025-10-25 21:55:07.310000","249","False","False",""
"1","1","Glistener Seer","one","Near Mint","English","","","2025-11-07 19:35:32.850000","54","False","False",""
"1","1","Glyph Keeper","akh","Near Mint","English","","","2025-10-31 03:11:10.117000","55","False","False",""
"2","2","Gnarlback Rhino","fdn","Near Mint","English","","","2025-10-19 21:44:49.157000","638","False","False",""
"4","4","Gnarlid Colony","fdn","Near Mint","English","","","2025-11-06 20:24:37.713000","224","False","False",""
"5","5","Goblin Boarders","fdn","Near Mint","English","","","2025-11-06 20:08:28.013000","87","False","False",""
"1","1","Goblin Firebomb","fdn","Near Mint","English","","","2025-10-15 02:00:19.020000","562","False","False",""
"4","4","Goblin Negotiation","fdn","Near Mint","English","","","2025-11-06 20:07:28.160000","88","False","False",""
"1","1","Goblin Oriflamme","fdn","Near Mint","English","","","2025-10-15 02:00:19.020000","539","False","False",""
"1","1","Goblin Smuggler","fdn","Near Mint","English","","","2025-10-15 02:00:19.020000","540","False","False",""
"4","4","Goblin Surprise","fdn","Near Mint","English","","","2025-11-07 19:49:56.830000","200","False","False",""
"1","1","Goblin Surprise","fdn","Near Mint","English","foil","","2025-11-06 20:13:22.520000","200","False","False",""
"2","2","Goldvein Pick","fdn","Near Mint","English","","","2025-11-07 19:49:46.797000","253","False","False",""
"1","1","Goldwarden's Helm","one","Near Mint","English","foil","","2025-10-15 19:44:15.217000","13","False","False",""
"1","1","Golgari Guildgate","fdn","Near Mint","English","","","2025-10-19 21:44:49.157000","689","False","False",""
"1","1","Gonti, Lord of Luxury","plst","Near Mint","English","","","2025-10-31 02:57:40.070000","KLD-84","False","False",""
"1","1","Good-Fortune Unicorn","fdn","Near Mint","English","","","2025-10-15 13:56:59.503000","240","False","False",""
"3","3","Gorehorn Raider","fdn","Near Mint","English","","","2025-11-06 20:10:32.160000","89","False","False",""
"2","2","Grab the Prize","dsk","Near Mint","English","","","2025-10-30 23:59:47.903000","138","False","False",""
"1","1","Grand Ball Guest","woe","Near Mint","English","","","2025-10-29 01:09:14.457000","134","False","False",""
"1","1","Grand Entryway // Elegant Rotunda","dsk","Near Mint","English","","","2025-10-25 22:09:36.843000","287","False","False",""
"1","1","Grand Entryway // Elegant Rotunda","dsk","Near Mint","English","","","2025-10-19 18:32:19.357000","15","False","False",""
"1","1","Granite Witness","mkm","Near Mint","English","","","2025-10-25 22:18:40.823000","206","False","False",""
"2","2","Grappling Kraken","fdn","Near Mint","English","","","2025-11-07 19:49:36.147000","39","False","False",""
"1","1","Grasp of Fate","wot","Near Mint","English","","","2025-10-30 23:46:15.983000","3","False","False",""
"3","3","Grasping Longneck","dsk","Near Mint","English","","","2025-10-31 00:02:29.167000","180","False","False",""
"1","1","Gratuitous Violence","fdn","Near Mint","English","foil","","2025-10-19 21:44:49.157000","715","False","False",""
"1","1","Greenbelt Radical","mkm","Near Mint","English","","","2025-10-25 21:58:40.923000","163","False","False",""
"1","1","Griffin Aerie","wot","Near Mint","English","","","2025-10-29 01:03:31.900000","5","False","False",""
"3","3","Grow from the Ashes","fdn","Near Mint","English","","","2025-11-06 20:25:42.750000","225","False","False",""
"2","2","Growing Dread","dsk","Near Mint","English","","","2025-10-19 18:35:39.700000","216","False","False",""
"1","1","Gruul Guildgate","fdn","Near Mint","English","","","2025-10-19 21:44:49.157000","690","False","False",""
"1","1","Guarded Heir","fdn","Near Mint","English","","","2025-11-06 17:23:27.217000","14","False","False",""
"1","1","Guidelight Matrix","dft","Near Mint","English","foil","","2025-10-31 02:58:32.443000","233","False","False",""
"2","2","Gutless Plunderer","fdn","Near Mint","English","foil","","2025-11-06 17:09:52.270000","60","False","False",""
"1","1","Gutless Plunderer","fdn","Near Mint","English","","","2025-11-07 19:52:24.280000","60","False","False",""
"1","1","Guttersnipe","fdn","Near Mint","English","foil","","2025-10-19 21:44:49.157000","716","False","False",""
"1","1","Haazda Vigilante","mkm","Near Mint","English","","","2025-10-25 22:11:33.927000","18","False","False",""
"1","1","Halana and Alena, Partners","fdn","Near Mint","English","","","2025-10-19 21:44:49.157000","659","False","False",""
"1","1","Hand That Feeds","dsk","Near Mint","English","","","2025-10-19 18:27:37.687000","139","False","False",""
"1","1","Hand That Feeds","dsk","Near Mint","English","foil","","2025-10-19 18:27:15.647000","139","False","False",""
"1","1","Harbinger of the Tides","fdn","Near Mint","English","","","2025-10-19 21:44:49.157000","593","False","False",""
"2","2","Hardened Escort","dsk","Near Mint","English","","","2025-10-31 00:05:10.267000","16","False","False",""
"1","1","Hardened Tactician","tdm","Near Mint","English","","","2025-11-07 19:44:09.553000","191","False","False",""
"1","1","Hare Apparent","fdn","Near Mint","English","foil","","2025-11-06 17:19:39.510000","15","False","False",""
"5","5","Hare Apparent","fdn","Near Mint","English","","","2025-11-06 17:19:32.697000","15","False","False",""
"1","1","Harmless Offering","fdn","Near Mint","English","","","2025-10-19 21:44:49.157000","625","False","False",""
"1","1","Hazardroot Herbalist","blb","Near Mint","English","foil","","2025-10-29 00:59:50.350000","174","False","False",""
"1","1","Hazel's Nocturne","blb","Near Mint","English","","","2025-10-29 01:11:23.703000","97","False","False",""
"3","3","Head of the Homestead","blb","Near Mint","English","","","2025-10-29 01:18:26.430000","216","False","False",""
"8","8","Healer's Hawk","fdn","Near Mint","English","","","2025-11-06 20:57:05.277000","142","False","False",""
"1","1","Heaped Harvest","blb","Near Mint","English","","","2025-10-29 00:59:27.053000","175","False","False",""
"1","1","Heartfire Hero","blb","Near Mint","English","","","2025-10-29 01:07:08.450000","138","False","False",""
"5","5","Heartfire Immolator","fdn","Near Mint","English","","","2025-11-06 20:09:01.717000","201","False","False",""
"1","1","Hearth Elemental // Stoke Genius","woe","Near Mint","English","","","2025-10-30 23:45:35.537000","136","False","False",""
"1","1","Hedge Shredder","dsk","Near Mint","English","","","2025-10-25 21:59:38.060000","183","False","False",""
"1","1","Hedron Archive","fdn","Near Mint","English","foil","","2025-10-19 21:44:49.157000","726","False","False",""
"1","1","Hellish Sideswipe","dft","Near Mint","English","","","2025-11-07 20:35:57.707000","90","False","False",""
"1","1","Helpful Hunter","fdn","Near Mint","English","foil","","2025-11-06 17:20:14.240000","16","False","False",""
"5","5","Helpful Hunter","fdn","Near Mint","English","","","2025-11-06 17:20:05.280000","16","False","False",""
"1","1","Herald of Eternal Dawn","fdn","Near Mint","English","","","2025-11-06 20:53:47.030000","17","False","False",""
"1","1","Herald of Faith","fdn","Near Mint","English","","","2025-10-15 02:00:19.020000","494","False","False",""
"2","2","Heraldic Banner","fdn","Near Mint","English","","","2025-11-07 19:47:12.903000","254","False","False",""
"1","1","Heroes' Bane","fdn","Near Mint","English","","","2025-10-19 21:44:49.157000","639","False","False",""
"1","1","Heroic Reinforcements","fdn","Near Mint","English","","","2025-10-19 21:44:49.157000","241","False","False",""
"4","4","Hero's Downfall","fdn","Near Mint","English","","","2025-11-06 17:13:33.967000","175","False","False",""
"1","1","Hexgold Halberd","one","Near Mint","English","","","2025-10-15 19:33:23.443000","136","False","False",""
"1","1","Hexgold Halberd","one","Near Mint","English","foil","","2025-11-07 19:32:05.497000","136","False","False",""
"1","1","Hexgold Slash","one","Near Mint","English","","","2025-10-15 19:30:46.203000","137","False","False",""
"1","1","Hide in Plain Sight","mkm","Near Mint","English","","","2025-10-25 21:57:29.500000","166","False","False",""
"2","2","Hidetsugu's Second Rite","fdn","Near Mint","English","","","2025-11-06 20:16:36.400000","202","False","False",""
"1","1","High Fae Trickster","fdn","Near Mint","English","","","2025-11-06 16:52:40.570000","307","False","False",""
"1","1","Highborn Vampire","fdn","Near Mint","English","","","2025-10-15 02:00:19.020000","522","False","False",""
"2","2","High-Society Hunter","fdn","Near Mint","English","","","2025-11-06 20:54:07.497000","61","False","False",""
"1","1","Highspire Bell-Ringer","tdm","Near Mint","English","foil","","2025-10-31 03:03:37.013000","47","False","False",""
"9","9","Hinterland Sanctifier","fdn","Near Mint","English","","","2025-10-19 21:44:49.157000","730","False","False",""
"1","1","Hithlain Knots","ltr","Near Mint","English","foil","","2025-10-31 03:04:00.793000","54","False","False",""
"1","1","Hoarder's Overflow","blb","Near Mint","English","","","2025-10-29 01:07:41.747000","141","False","False",""
"2","2","Hoarding Dragon","fdn","Near Mint","English","","","2025-10-19 21:44:49.157000","626","False","False",""
"1","1","Hollow Scavenger // Bakery Raid","woe","Near Mint","English","","","2025-10-30 23:48:35.377000","174","False","False",""
"1","1","Homunculus Horde","fdn","Near Mint","English","","","2025-11-06 17:01:20.387000","41","False","False",""
"1","1","Hopeful Vigil","woe","Near Mint","English","","","2025-10-29 01:05:57.177000","17","False","False",""
"1","1","Hopeless Nightmare","woe","Near Mint","English","","","2025-10-29 01:14:43.147000","95","False","False",""
"1","1","Horrid Vigor","dsk","Near Mint","English","","","2025-10-25 21:59:29.773000","184","False","False",""
"2","2","House Cartographer","dsk","Near Mint","English","","","2025-10-30 23:53:31.963000","185","False","False",""
"1","1","Hundred-Battle Veteran","tdm","Near Mint","English","","","2025-10-15 19:16:35.307000","82","False","False",""
"6","6","Hungry Ghoul","fdn","Near Mint","English","","","2025-11-06 17:06:22.237000","62","False","False",""
"1","1","Icatian Javelineers","tsb","Near Mint","English","","","2025-10-31 03:12:20.600000","10","False","False",""
"1","1","Iceridge Serpent","tdm","Near Mint","English","","","2025-10-15 19:17:52.337000","49","False","False",""
"6","6","Icewind Elemental","fdn","Near Mint","English","","","2025-11-07 19:46:35.117000","42","False","False",""
"1","1","Ichor Synthesizer","one","Near Mint","English","","","2025-11-07 19:36:33.823000","55","False","False",""
"1","1","Ill-Timed Explosion","mkm","Near Mint","English","","","2025-10-25 22:19:24.190000","207","False","False",""
"1","1","Immersturm Predator","fdn","Near Mint","English","","","2025-10-19 21:44:49.157000","660","False","False",""
"1","1","Imodane's Recruiter // Train Troops","woe","Near Mint","English","","","2025-10-29 01:11:07.470000","229","False","False",""
"1","1","Impact Tremors","fdn","Near Mint","English","foil","","2025-10-19 21:44:49.157000","717","False","False",""
"2","2","Imperious Perfect","fdn","Near Mint","English","foil","","2025-10-19 21:44:49.157000","719","False","False",""
"2","2","Impossible Inferno","dsk","Near Mint","English","","","2025-10-30 23:55:21.873000","140","False","False",""
"1","1","Imprisoned in the Moon","fdn","Near Mint","English","foil","","2025-11-06 16:59:04.320000","156","False","False",""
"2","2","Imprisoned in the Moon","fdn","Near Mint","English","","","2025-11-07 20:33:34.930000","156","False","False",""
"1","1","Imp's Mischief","otp","Near Mint","English","","","2025-10-15 16:28:25.587000","15","False","False",""
"5","5","Incinerating Blast","fdn","Near Mint","English","","","2025-11-07 19:48:29.810000","90","False","False",""
"1","1","Incubation Sac","one","Near Mint","English","foil","","2025-10-31 03:00:08.917000","171","False","False",""
"1","1","Incubation Sac","one","Near Mint","English","","","2025-10-15 19:28:04.957000","171","False","False",""
"1","1","Infectious Inquiry","one","Near Mint","English","foil","","2025-10-15 19:44:06.950000","97","False","False",""
"1","1","Infernal Phantom","dsk","Near Mint","English","foil","","2025-10-25 22:00:57.273000","141","False","False",""
"1","1","Infernal Phantom","dsk","Near Mint","English","","","2025-10-25 22:04:40.493000","141","False","False",""
"1","1","Infernal Vessel","fdn","Near Mint","English","foil","","2025-11-06 17:03:41.953000","63","False","False",""
"2","2","Infernal Vessel","fdn","Near Mint","English","","","2025-11-07 19:51:51.337000","63","False","False",""
"6","6","Infestation Sage","fdn","Near Mint","English","","","2025-11-06 17:06:44.937000","64","False","False",""
"1","1","Ingenious Leonin","fdn","Near Mint","English","","","2025-10-15 02:00:19.020000","495","False","False",""
"1","1","Innocuous Rat","dsk","Near Mint","English","","","2025-10-25 22:09:07.697000","103","False","False",""
"1","1","Inquisitive Glimmer","dsk","Near Mint","English","","","2025-10-25 22:21:30.837000","217","False","False",""
"1","1","Inside Source","mkm","Near Mint","English","","","2025-10-25 22:12:07.630000","19","False","False",""
"1","1","Insidious Fungus","dsk","Near Mint","English","foil","","2025-10-25 21:55:53.043000","186","False","False",""
"1","1","Inspiration from Beyond","fdn","Near Mint","English","","","2025-11-06 16:59:56.760000","43","False","False",""
"3","3","Inspiring Call","fdn","Near Mint","English","","","2025-11-07 20:32:54.337000","226","False","False",""
"2","2","Inspiring Overseer","fdn","Near Mint","English","","","2025-10-19 21:44:49.157000","496","False","False",""
"5","5","Inspiring Paladin","fdn","Near Mint","English","","","2025-11-07 19:52:03.403000","18","False","False",""
"2","2","Into the Roil","fdn","Near Mint","English","","","2025-10-19 21:44:49.157000","509","False","False",""
"1","1","Intruding Soulrager","dsk","Near Mint","English","","","2025-10-25 22:21:57.703000","218","False","False",""
"3","3","Involuntary Employment","fdn","Near Mint","English","","","2025-11-06 20:11:05.283000","203","False","False",""
"1","1","Irascible Wolverine","otj","Near Mint","English","","","2025-10-15 16:19:56.057000","130","False","False",""
"1","1","Iridescent Tiger","tdm","Near Mint","English","","","2025-11-07 19:44:19.573000","109","False","False",""
"1","1","Iron-Fist Pulverizer","otj","Near Mint","English","","","2025-10-15 16:29:01.707000","131","False","False",""
"1","1","Irreverent Gremlin","dsk","Near Mint","English","","","2025-10-30 23:56:31.503000","142","False","False",""
"1","1","Island","one","Near Mint","English","foil","","2025-10-15 19:47:55.723000","268","False","False",""
"1","1","Island","otj","Near Mint","English","","","2025-10-15 16:27:30.523000","280","False","False",""
"1","1","Island","dsk","Near Mint","English","","","2025-10-15 14:58:50.463000","279","False","False",""
"1","1","Island","fdn","Near Mint","English","","","2025-10-19 21:44:49.157000","285","False","False",""
"11","11","Island","fdn","Near Mint","English","","","2025-10-19 21:44:49.157000","274","False","False",""
"1","1","Island","fdn","Near Mint","English","","","2025-10-19 21:44:49.157000","284","False","False",""
"19","19","Island","fdn","Near Mint","English","","","2025-10-19 21:44:49.157000","275","False","False",""
"1","1","Island","one","Near Mint","English","","","2025-10-15 19:48:27.290000","268","False","False",""
"1","1","Izzet Guildgate","fdn","Near Mint","English","","","2025-10-19 21:44:49.157000","691","False","False",""
"1","1","Jagged Barrens","otj","Near Mint","English","","","2025-10-15 16:27:06.063000","259","False","False",""
"1","1","Jazal Goldmane","fdn","Near Mint","English","","","2025-10-15 02:00:19.020000","497","False","False",""
"2","2","Jeskai Brushmaster","tdm","Near Mint","English","","","2025-11-07 19:41:45.740000","195","False","False",""
"1","1","Jeskai Elder","m21","Near Mint","English","foil","","2025-10-31 03:03:26.440000","53","False","False",""
"1","1","Johann, Apprentice Sorcerer","woe","Near Mint","English","","","2025-10-30 23:49:26.277000","207","False","False",""
"1","1","Joraga Invocation","fdn","Near Mint","English","","","2025-10-15 02:00:19.020000","555","False","False",""
"5","5","Joust Through","fdn","Near Mint","English","","","2025-11-07 19:47:00.833000","19","False","False",""
"1","1","Judith, Carnage Connoisseur","mkm","Near Mint","English","foil","","2025-10-25 21:53:20.657000","210","False","False",""
"1","1","Judith, Carnage Connoisseur","mkm","Near Mint","English","","","2025-10-25 21:52:59.287000","210","False","False",""
"2","2","Jump Scare","dsk","Near Mint","English","","","2025-10-31 00:02:45.907000","17","False","False",""
"2","2","Jungle Hollow","fdn","Near Mint","English","","","2025-10-19 21:44:49.157000","263","False","False",""
"1","1","Junkblade Bruiser","blb","Near Mint","English","","","2025-10-29 01:17:27.790000","220","False","False",""
"1","1","Kalastria Highborn","fdn","Near Mint","English","","","2025-10-19 21:44:49.157000","607","False","False",""
"1","1","Kargan Dragonrider","fdn","Near Mint","English","","","2025-10-15 02:00:19.020000","541","False","False",""
"1","1","Kaya, Intangible Slayer","one","Near Mint","English","","","2025-11-07 19:32:22.863000","205","False","False",""
"2","2","Keys to the House","dsk","Near Mint","English","","","2025-10-25 21:54:36.240000","251","False","False",""
"1","1","Kill Shot","snc","Near Mint","English","foil","","2025-10-31 03:05:05.977000","19","False","False",""
"1","1","Kindled Fury","fdn","Near Mint","English","","","2025-10-15 02:00:19.020000","542","False","False",""
"2","2","Kin-Tree Nurturer","tdm","Near Mint","English","","","2025-10-15 19:21:20.010000","83","False","False",""
"2","2","Kiora, the Rising Tide","fdn","Near Mint","English","","","2025-11-06 20:54:21.183000","45","False","False",""
"1","1","Kishla Trawlers","tdm","Near Mint","English","","","2025-11-07 19:43:59.150000","50","False","False",""
"1","1","Kitesail Corsair","fdn","Near Mint","English","","","2025-10-15 02:00:19.020000","510","False","False",""
"1","1","Kitsa, Otterball Elite","blb","Near Mint","English","","","2025-10-29 00:56:10.867000","54","False","False",""
"2","2","Knight of Grace","fdn","Near Mint","English","","","2025-10-19 21:44:49.157000","576","False","False",""
"2","2","Knight of Malice","fdn","Near Mint","English","","","2025-10-19 21:44:49.157000","608","False","False",""
"1","1","Knockout Maneuver","tdm","Near Mint","English","","","2025-11-07 19:42:06.160000","147","False","False",""
"2","2","Koma, World-Eater","fdn","Near Mint","English","","","2025-11-06 20:54:33.713000","121","False","False",""
"1","1","Kraum, Violent Cacophony","otj","Near Mint","English","","","2025-10-15 16:22:43.773000","214","False","False",""
"2","2","Krenko, Mob Boss","fdn","Near Mint","English","","","2025-11-06 20:10:46.117000","204","False","False",""
"1","1","Krotiq Nestguard","tdm","Near Mint","English","","","2025-11-07 19:42:51.200000","148","False","False",""
"1","1","Krumar Initiate","tdm","Near Mint","English","","","2025-10-15 19:22:51.200000","84","False","False",""
"1","1","Kuldotha Cackler","one","Near Mint","English","","","2025-11-07 19:37:20.757000","139","False","False",""
"1","1","Kykar, Zephyr Awakener","fdn","Near Mint","English","","","2025-11-07 20:31:20.347000","122","False","False",""
"1","1","Labyrinth Champion","ths","Near Mint","English","","","2025-10-31 03:10:00.763000","126","False","False",""
"1","1","Land Tax","wot","Near Mint","English","","","2025-10-29 01:05:08.043000","9","False","False",""
"1","1","Lathliss, Dragon Queen","fdn","Near Mint","English","","","2025-10-19 21:44:49.157000","627","False","False",""
"1","1","Leaping Ambush","woe","Near Mint","English","","","2025-10-30 23:46:24.557000","177","False","False",""
"1","1","Leonin Skyhunter","fdn","Near Mint","English","","","2025-10-15 02:00:19.020000","498","False","False",""
"1","1","Leonin Vanguard","fdn","Near Mint","English","","","2025-10-15 02:00:19.020000","499","False","False",""
"4","4","Let's Play a Game","dsk","Near Mint","English","","","2025-10-31 00:03:39.393000","105","False","False",""
"4","4","Leyline of Hope","dsk","Near Mint","English","","","2025-10-30 21:03:47.360000","18","False","False",""
"1","1","Leyline of Mutation","dsk","Near Mint","English","","","2025-10-19 18:33:33.357000","188","False","False",""
"1","1","Leyline of Resonance","dsk","Near Mint","English","","","2025-10-19 18:26:53.493000","143","False","False",""
"4","4","Lightshell Duo","fdn","Near Mint","English","","","2025-11-06 16:56:56.687000","157","False","False",""
"1","1","Liliana, Dreadhorde General","fdn","Near Mint","English","foil","","2025-11-07 19:54:47.217000","176","False","False",""
"2","2","Liliana, Dreadhorde General","fdn","Near Mint","English","","","2025-11-06 17:13:48.987000","176","False","False",""
"1","1","Liliana's Steward","m21","Near Mint","English","foil","","2025-10-31 03:01:51.033000","300","False","False",""
"1","1","Lilysplash Mentor","blb","Near Mint","English","","","2025-10-29 01:17:52.060000","222","False","False",""
"1","1","Linden, the Steadfast Queen","fdn","Near Mint","English","","","2025-10-19 21:44:49.157000","577","False","False",""
"1","1","Lionheart Glimmer","dsk","Near Mint","English","","","2025-10-15 14:54:28.327000","19","False","False",""
"1","1","Liturgy of Blood","m14","Near Mint","English","","","2025-11-09 03:01:15.383000","104","False","False",""
"2","2","Live or Die","dsk","Near Mint","English","","","2025-10-30 23:53:23.050000","107","False","False",""
"1","1","Living Death","tdc","Near Mint","English","","","2025-10-30 21:05:35.570000","185","False","False",""
"1","1","Living Lectern","woe","Near Mint","English","","","2025-10-29 00:57:29.587000","59","False","False",""
"2","2","Living Phone","dsk","Near Mint","English","","","2025-10-30 23:51:03.207000","20","False","False",""
"11","11","Llanowar Elves","fdn","Near Mint","English","","","2025-11-07 19:50:23.877000","227","False","False",""
"1","1","Llanowar Greenwidow","dmu","Near Mint","English","","","2025-10-31 03:08:45.230000","169","False","False",""
"1","1","Llanowar Loamspeaker","dmu","Near Mint","English","","","2025-10-31 03:08:59.323000","170","False","False",""
"1","1","Long River Lurker","blb","Near Mint","English","","","2025-10-29 00:56:51.323000","57","False","False",""
"2","2","Longstalk Brawl","blb","Near Mint","English","","","2025-10-29 00:59:01.753000","182","False","False",""
"1","1","Longstalk Brawl","blb","Near Mint","English","foil","","2025-10-29 00:59:09.127000","182","False","False",""
"2","2","Loot, Exuberant Explorer","fdn","Near Mint","English","","","2025-11-07 19:46:53.107000","106","False","False",""
"1","1","Lord Skitter's Blessing","woe","Near Mint","English","","","2025-10-29 01:13:16.863000","98","False","False",""
"1","1","Loxodon Eavesdropper","mkm","Near Mint","English","","","2025-10-25 21:57:19.040000","168","False","False",""
"5","5","Luminous Rebuke","fdn","Near Mint","English","","","2025-11-06 17:18:12.873000","20","False","False",""
"1","1","Lunar Insight","fdn","Near Mint","English","","","2025-11-06 17:00:22.640000","46","False","False",""
"1","1","Luxurious Locomotive","otj","Near Mint","English","","","2025-10-15 16:28:14.507000","244","False","False",""
"1","1","Lyra Dawnbringer","fdn","Near Mint","English","foil","","2025-10-19 21:44:49.157000","707","False","False",""
"1","1","Maalfeld Twins","fdn","Near Mint","English","","","2025-10-15 02:00:19.020000","523","False","False",""
"1","1","Macabre Reconstruction","mkm","Near Mint","English","","","2025-10-25 22:05:48.663000","93","False","False",""
"3","3","Macabre Waltz","fdn","Near Mint","English","","","2025-11-06 17:07:36.203000","177","False","False",""
"1","1","Madcap Experiment","kld","Near Mint","English","","","2025-10-31 03:09:16.190000","122","False","False",""
"1","1","Maelstrom Pulse","fdn","Near Mint","English","","","2025-10-19 21:44:49.157000","661","False","False",""
"1","1","Magebane Lizard","otj","Near Mint","English","","","2025-10-15 16:22:13.610000","134","False","False",""
"1","1","Magnifying Glass","mkm","Near Mint","English","","","2025-10-25 21:53:38.317000","255","False","False",""
"1","1","Magnigoth Sentry","fdn","Near Mint","English","","","2025-10-15 02:00:19.020000","556","False","False",""
"1","1","Make a Stand","fdn","Near Mint","English","foil","","2025-10-19 21:44:49.157000","708","False","False",""
"4","4","Make Your Move","fdn","Near Mint","English","","","2025-11-06 17:21:08.977000","143","False","False",""
"1","1","Makindi Ox","znr","Near Mint","English","foil","","2025-10-31 03:04:55.003000","293","False","False",""
"1","1","Malakir Blood-Priest","znr","Near Mint","English","foil","","2025-10-31 03:02:16.693000","110","False","False",""
"1","1","Malevolent Chandelier","dsk","Near Mint","English","","","2025-10-19 18:36:26.510000","252","False","False",""
"1","1","Manifest Dread","dsk","Near Mint","English","foil","","2025-10-15 16:14:58.747000","189","False","False",""
"2","2","Manifest Dread","dsk","Near Mint","English","","","2025-10-30 23:54:55.900000","189","False","False",""
"1","1","Marang River Regent // Coil and Catch","tdm","Near Mint","English","","","2025-11-07 19:42:32.060000","51","False","False",""
"4","4","Marauding Blight-Priest","fdn","Near Mint","English","","","2025-11-06 17:04:31.107000","178","False","False",""
"1","1","Marauding Sphinx","otj","Near Mint","English","","","2025-10-15 16:23:59.313000","56","False","False",""
"1","1","Marketwatch Phantom","mkm","Near Mint","English","","","2025-10-25 22:11:42.337000","24","False","False",""
"1","1","Marshal of the Lost","tdm","Near Mint","English","","","2025-10-15 19:13:59.443000","207","False","False",""
"1","1","Marvin, Murderous Mimic","dsk","Near Mint","English","","","2025-10-30 23:56:42.710000","253","False","False",""
"1","1","Massacre Wurm","fdn","Near Mint","English","foil","","2025-10-19 21:44:49.157000","714","False","False",""
"1","1","Maze Skullbomb","one","Near Mint","English","","","2025-11-07 19:34:00.510000","231","False","False",""
"1","1","Mazemind Tome","fdn","Near Mint","English","","","2025-10-19 21:44:49.157000","676","False","False",""
"1","1","Maze's End","fdn","Near Mint","English","foil","","2025-10-19 21:44:49.157000","727","False","False",""
"1","1","Maze's Mantle","one","Near Mint","English","","","2025-11-07 19:34:07.400000","174","False","False",""
"2","2","Meat Locker // Drowned Diner","dsk","Near Mint","English","","","2025-10-25 22:15:26.033000","65","False","False",""
"1","1","Meldweb Curator","one","Near Mint","English","","","2025-10-15 19:35:13.133000","59","False","False",""
"1","1","Melek, Izzet Paragon","dgm","Near Mint","English","","","2025-10-31 02:58:16.383000","84","False","False",""
"1","1","Mentor of the Meek","fdn","Near Mint","English","","","2025-10-19 21:44:49.157000","578","False","False",""
"1","1","Merry Bards","woe","Near Mint","English","","","2025-10-29 01:11:15.133000","140","False","False",""
"1","1","Metamorphic Blast","otj","Near Mint","English","","","2025-10-15 16:23:36.053000","57","False","False",""
"1","1","Meteor Golem","fdn","Near Mint","English","","","2025-10-19 21:44:49.157000","256","False","False",""
"5","5","Micromancer","fdn","Near Mint","English","","","2025-11-07 19:49:12.947000","158","False","False",""
"1","1","Midnight Mangler","dft","Near Mint","English","","","2025-11-07 20:34:12.620000","50","False","False",""
"1","1","Midnight Reaper","fdn","Near Mint","English","","","2025-10-19 21:44:49.157000","609","False","False",""
"2","2","Midnight Snack","fdn","Near Mint","English","","","2025-11-06 17:14:05.507000","65","False","False",""
"1","1","Might of the Meek","blb","Near Mint","English","","","2025-10-29 01:07:00.367000","144","False","False",""
"4","4","Mild-Mannered Librarian","fdn","Near Mint","English","","","2025-11-06 20:21:44.430000","228","False","False",""
"1","1","Mind Spiral","blb","Near Mint","English","","","2025-10-29 00:57:19.750000","59","False","False",""
"2","2","Mindsparker","fdn","Near Mint","English","","","2025-10-19 21:44:49.157000","628","False","False",""
"1","1","Mirrex","one","Near Mint","English","","","2025-11-07 19:57:05.303000","254","False","False",""
"1","1","Mirrodin Besieged","plst","Near Mint","English","","","2025-10-15 19:31:53.923000","MH1-57","False","False",""
"1","1","Mirror Room // Fractured Realm","dsk","Near Mint","English","foil","","2025-10-30 23:54:45.720000","67","False","False",""
"5","5","Mischievous Mystic","fdn","Near Mint","English","","","2025-11-06 16:59:44.070000","47","False","False",""
"1","1","Mischievous Pup","fdn","Near Mint","English","","","2025-11-06 17:24:46.247000","144","False","False",""
"6","6","Mocking Sprite","fdn","Near Mint","English","","","2025-11-07 19:48:53.270000","159","False","False",""
"1","1","Mocking Sprite","fdn","Near Mint","English","foil","","2025-11-06 16:58:04.633000","159","False","False",""
"2","2","Mold Adder","fdn","Near Mint","English","","","2025-10-19 21:44:49.157000","640","False","False",""
"1","1","Molten Duplication","big","Near Mint","English","","","2025-10-15 16:29:17.273000","14","False","False",""
"1","1","Molten Exhale","tdm","Near Mint","English","","","2025-11-07 19:43:15.577000","113","False","False",""
"1","1","Molten Rebuke","one","Near Mint","English","","","2025-10-15 19:29:46.770000","141","False","False",""
"3","3","Moment of Craving","fdn","Near Mint","English","","","2025-10-19 21:44:49.157000","524","False","False",""
"1","1","Moment of Triumph","fdn","Near Mint","English","","","2025-10-15 02:00:19.020000","500","False","False",""
"1","1","Monstrous Emergence","dsk","Near Mint","English","","","2025-10-15 14:51:06.773000","191","False","False",""
"1","1","Monstrous Rage","woe","Near Mint","English","","","2025-10-29 01:10:02.813000","142","False","False",""
"1","1","Moonrise Cleric","blb","Near Mint","English","","","2025-10-29 01:17:35.497000","226","False","False",""
"2","2","Mortify","fdn","Near Mint","English","","","2025-10-19 21:44:49.157000","662","False","False",""
"2","2","Most Valuable Slayer","dsk","Near Mint","English","","","2025-10-25 22:03:57.383000","144","False","False",""
"1","1","Mountain","one","Near Mint","English","","","2025-10-15 19:48:17.933000","270","False","False",""
"1","1","Mountain","fdn","Near Mint","English","foil","","2025-10-15 13:59:42.540000","278","False","False",""
"1","1","Mountain","fdn","Near Mint","English","","","2025-10-19 21:44:49.157000","288","False","False",""
"1","1","Mountain","fdn","Near Mint","English","","","2025-10-19 21:44:49.157000","289","False","False",""
"8","8","Mountain","fdn","Near Mint","English","","","2025-10-19 21:44:49.157000","279","False","False",""
"23","23","Mountain","fdn","Near Mint","English","","","2025-10-19 21:44:49.157000","278","False","False",""
"1","1","Murder","dsk","Near Mint","English","foil","","2025-10-15 16:16:55.853000","110","False","False",""
"3","3","Murder","dsk","Near Mint","English","","","2025-10-30 23:51:31.790000","110","False","False",""
"1","1","Museum Nightwatch","mkm","Near Mint","English","","","2025-10-25 22:11:50.690000","25","False","False",""
"1","1","Myojin of Night's Reach","fdn","Near Mint","English","","","2025-10-19 21:44:49.157000","610","False","False",""
"1","1","Myr Convert","one","Near Mint","English","","","2025-10-15 19:32:42.803000","297","False","False",""
"1","1","Myr Convert","one","Near Mint","English","","","2025-11-07 19:30:03.197000","234","False","False",""
"1","1","Mystic Archaeologist","fdn","Near Mint","English","","","2025-10-15 02:00:19.020000","511","False","False",""
"2","2","Mystical Teachings","fdn","Near Mint","English","","","2025-10-19 21:44:49.157000","594","False","False",""
"2","2","Narset's Rebuke","tdm","Near Mint","English","","","2025-10-15 19:21:11.703000","114","False","False",""
"1","1","Necrogen Communion","one","Near Mint","English","","","2025-11-07 19:30:25.943000","99","False","False",""
"1","1","Necrogen Rotpriest","one","Near Mint","English","","","2025-11-07 19:38:12.430000","296","False","False",""
"1","1","Necrogen Rotpriest","one","Near Mint","English","foil","","2025-10-31 02:59:34.380000","296","False","False",""
"1","1","Necrogen Rotpriest","one","Near Mint","English","","","2025-11-07 19:30:15.967000","212","False","False",""
"2","2","Needletooth Pack","fdn","Near Mint","English","","","2025-11-06 20:17:47.987000","108","False","False",""
"1","1","Negate","fdn","Near Mint","English","foil","","2025-10-19 21:44:49.157000","710","False","False",""
"1","1","Neglected Manor","dsk","Near Mint","English","","","2025-10-30 23:59:12.947000","264","False","False",""
"1","1","Neglected Manor","dsk","Near Mint","English","foil","","2025-10-15 14:58:18.693000","264","False","False",""
"2","2","Nervous Gardener","mkm","Near Mint","English","","","2025-10-25 21:56:45.667000","169","False","False",""
"1","1","Nessian Hornbeetle","fdn","Near Mint","English","","","2025-11-06 20:28:36.863000","229","False","False",""
"1","1","Neva, Stalked by Nightmares","woe","Near Mint","English","","","2025-10-29 01:16:57.223000","209","False","False",""
"1","1","New Horizons","fdn","Near Mint","English","","","2025-10-15 02:00:19.020000","557","False","False",""
"1","1","New Way Forward","tdm","Near Mint","English","","","2025-10-15 19:14:12.590000","211","False","False",""
"1","1","Night Market","dft","Near Mint","English","","","2025-11-07 20:35:20.240000","258","False","False",""
"1","1","No More Lies","mkm","Near Mint","English","","","2025-10-25 22:18:09.817000","221","False","False",""
"1","1","Norin, Swift Survivalist","dsk","Near Mint","English","","","2025-10-15 14:52:45.140000","145","False","False",""
"1","1","Not Dead After All","woe","Near Mint","English","foil","","2025-10-29 01:13:45.830000","101","False","False",""
"1","1","Nowhere to Run","dsk","Near Mint","English","","","2025-10-15 14:05:47.030000","111","False","False",""
"1","1","Nullpriest of Oblivion","fdn","Near Mint","English","","","2025-10-19 21:44:49.157000","611","False","False",""
"2","2","Obliterating Bolt","fdn","Near Mint","English","","","2025-10-19 21:44:49.157000","629","False","False",""
"1","1","Oblivious Bookworm","dsk","Near Mint","English","","","2025-10-30 23:56:11.653000","225","False","False",""
"1","1","Offer Immortality","fdn","Near Mint","English","","","2025-10-15 02:00:19.020000","525","False","False",""
"1","1","Old Flitterfang","woe","Near Mint","English","","","2025-10-30 23:49:51.097000","316","False","False",""
"1","1","On the Job","mkm","Near Mint","English","","","2025-10-25 22:12:35.500000","292","False","False",""
"1","1","One Last Job","otj","Near Mint","English","","","2025-10-15 16:26:04.997000","22","False","False",""
"1","1","Ooze Patrol","dft","Near Mint","English","","","2025-11-07 20:35:48.237000","172","False","False",""
"5","5","Opt","fdn","Near Mint","English","","","2025-10-19 21:44:49.157000","512","False","False",""
"1","1","Optimistic Scavenger","dsk","Near Mint","English","","","2025-10-30 23:52:48.840000","288","False","False",""
"2","2","Ordeal of Nylea","fdn","Near Mint","English","","","2025-10-19 21:44:49.157000","641","False","False",""
"1","1","Ornery Tumblewagg","otj","Near Mint","English","","","2025-10-15 16:25:30.390000","171","False","False",""
"1","1","Orzhov Guildgate","fdn","Near Mint","English","","","2025-10-19 21:44:49.157000","692","False","False",""
"1","1","Outlaw Medic","otj","Near Mint","English","","","2025-10-15 16:26:15.397000","23","False","False",""
"1","1","Outlaw Stitcher","otj","Near Mint","English","","","2025-10-15 16:23:01.777000","59","False","False",""
"1","1","Outrageous Robbery","mkm","Near Mint","English","","","2025-10-25 22:06:46.710000","97","False","False",""
"1","1","Overlord of the Hauntwoods","dsk","Near Mint","English","","","2025-10-31 00:04:11.057000","194","False","False",""
"2","2","Overrun","fdn","Near Mint","English","","","2025-11-06 20:28:19.007000","230","False","False",""
"1","1","Ovika, Enigma Goliath","fdn","Near Mint","English","","","2025-10-19 21:44:49.157000","663","False","False",""
"1","1","Pacifism","fdn","Near Mint","English","","","2025-10-15 02:00:19.020000","501","False","False",""
"1","1","Painter's Studio // Defaced Gallery","dsk","Near Mint","English","","","2025-10-30 23:58:29.663000","147","False","False",""
"2","2","Paranormal Analyst","dsk","Near Mint","English","","","2025-10-25 22:15:53.350000","69","False","False",""
"1","1","Parting Gust","blb","Near Mint","English","","","2025-10-29 01:00:58.610000","24","False","False",""
"1","1","Peculiar Lighthouse","dsk","Near Mint","English","","","2025-10-15 14:58:29.813000","265","False","False",""
"1","1","Peculiar Lighthouse","dsk","Near Mint","English","foil","","2025-10-25 22:22:11.667000","265","False","False",""
"1","1","Peer Past the Veil","dsk","Near Mint","English","","","2025-10-15 16:14:36.433000","226","False","False",""
"1","1","Peerless Ropemaster","otj","Near Mint","English","","","2025-10-15 16:22:31.700000","60","False","False",""
"1","1","Pelakka Wurm","fdn","Near Mint","English","foil","","2025-10-19 21:44:49.157000","720","False","False",""
"2","2","Perforating Artist","fdn","Near Mint","English","","","2025-10-19 21:44:49.157000","124","False","False",""
"1","1","Perimeter Enforcer","mkm","Near Mint","English","","","2025-10-25 22:12:28.370000","31","False","False",""
"2","2","Person of Interest","mkm","Near Mint","English","","","2025-10-25 22:02:27.243000","139","False","False",""
"1","1","Phantasmal Image","spg","Near Mint","English","","","2025-10-15 16:17:33.813000","67","False","False",""
"1","1","Piggy Bank","dsk","Near Mint","English","","","2025-10-15 14:51:40.630000","148","False","False",""
"3","3","Pilfer","fdn","Near Mint","English","","","2025-11-06 17:07:04.607000","181","False","False",""
"1","1","Pilfer","fdn","Near Mint","English","foil","","2025-11-06 17:07:10.617000","181","False","False",""
"1","1","Piranha Fly","dsk","Near Mint","English","foil","","2025-10-15 16:15:16.900000","70","False","False",""
"1","1","Piranha Fly","dsk","Near Mint","English","","","2025-10-19 18:30:01.833000","70","False","False",""
"1","1","Pirate's Cutlass","fdn","Near Mint","English","","","2025-10-15 02:00:19.020000","563","False","False",""
"1","1","Plague Nurse","one","Near Mint","English","","","2025-11-07 19:31:18.323000","179","False","False",""
"1","1","Plains","fdn","Near Mint","English","","","2025-10-19 21:44:49.157000","282","False","False",""
"1","1","Plains","fdn","Near Mint","English","","","2025-10-19 21:44:49.157000","283","False","False",""
"16","16","Plains","fdn","Near Mint","English","","","2025-10-19 21:44:49.157000","272","False","False",""
"14","14","Plains","fdn","Near Mint","English","","","2025-10-19 21:44:49.157000","273","False","False",""
"1","1","Playful Shove","blb","Near Mint","English","foil","","2025-10-29 01:07:52.863000","145","False","False",""
"1","1","Playful Shove","blb","Near Mint","English","","","2025-10-29 01:08:01.820000","145","False","False",""
"1","1","Poised Practitioner","tdm","Near Mint","English","","","2025-10-15 19:21:55.347000","18","False","False",""
"2","2","Popular Egotist","dsk","Near Mint","English","","","2025-10-25 22:08:48.313000","114","False","False",""
"2","2","Possessed Goat","dsk","Near Mint","English","","","2025-10-25 22:10:43.463000","25","False","False",""
"1","1","Prayer of Binding","fdn","Near Mint","English","","","2025-10-15 02:00:19.020000","502","False","False",""
"1","1","Predator Ooze","fdn","Near Mint","English","","","2025-10-19 21:44:49.157000","642","False","False",""
"1","1","Preposterous Proportions","fdn","Near Mint","English","","","2025-11-06 20:29:29.097000","338","False","False",""
"1","1","Preposterous Proportions","fdn","Near Mint","English","","","2025-10-19 18:19:17.050000","109","False","False",""
"7","7","Prideful Parent","fdn","Near Mint","English","","","2025-11-07 20:32:41.093000","21","False","False",""
"1","1","Primal Might","fdn","Near Mint","English","","","2025-10-19 21:44:49.157000","643","False","False",""
"1","1","Prime Speaker Zegana","fdn","Near Mint","English","","","2025-10-19 21:44:49.157000","664","False","False",""
"1","1","Primeval Bounty","fdn","Near Mint","English","","","2025-10-19 21:44:49.157000","644","False","False",""
"1","1","Private Eye","mkm","Near Mint","English","","","2025-10-25 22:20:14.917000","223","False","False",""
"1","1","Progenitus","fdn","Near Mint","English","","","2025-11-07 19:29:13.897000","244","False","False",""
"2","2","Psychic Whorl","blb","Near Mint","English","","","2025-10-29 01:13:04.097000","105","False","False",""
"2","2","Pulse Tracker","fdn","Near Mint","English","","","2025-10-19 21:44:49.157000","612","False","False",""
"1","1","Pyrewild Shaman","dgm","Near Mint","English","","","2025-10-31 03:09:45.973000","36","False","False",""
"1","1","Pyromancer's Goggles","fdn","Near Mint","English","","","2025-10-19 21:44:49.157000","677","False","False",""
"1","1","Qarsi Revenant","tdm","Near Mint","English","","","2025-10-15 19:20:44.300000","86","False","False",""
"3","3","Quakestrider Ceratops","fdn","Near Mint","English","","","2025-11-06 20:26:25.010000","110","False","False",""
"1","1","Quick Study","fdn","Near Mint","English","","","2025-10-15 02:00:19.020000","513","False","False",""
"1","1","Quick-Draw Katana","fdn","Near Mint","English","","","2025-10-15 02:00:19.020000","130","False","False",""
"1","1","Quicksilver Fisher","one","Near Mint","English","","","2025-11-07 19:35:42.437000","66","False","False",""
"1","1","Quilled Greatwurm","fdn","Near Mint","English","","","2025-11-06 20:29:07.167000","111","False","False",""
"1","1","Raccoon Rallier","blb","Near Mint","English","","","2025-10-29 01:08:36.870000","148","False","False",""
"2","2","Ragged Playmate","dsk","Near Mint","English","","","2025-10-31 00:02:53.680000","150","False","False",""
"1","1","Raging Redcap","fdn","Near Mint","English","","","2025-10-15 02:00:19.020000","543","False","False",""
"2","2","Raise the Past","fdn","Near Mint","English","","","2025-11-06 20:54:41.237000","22","False","False",""
"1","1","Raise the Past","fdn","Near Mint","English","","","2025-11-06 17:23:04.930000","300","False","False",""
"1","1","Rakdos Guildgate","fdn","Near Mint","English","","","2025-10-19 21:44:49.157000","693","False","False",""
"1","1","Rakish Scoundrel","mkm","Near Mint","English","","","2025-10-25 22:19:36.590000","225","False","False",""
"1","1","Ramos, Dragon Engine","fdn","Near Mint","English","","","2025-10-19 21:44:49.157000","678","False","False",""
"1","1","Rampaging Baloths","fdn","Near Mint","English","","","2025-10-19 21:44:49.157000","645","False","False",""
"1","1","Rampaging Soulrager","dsk","Near Mint","English","","","2025-10-19 18:27:03.710000","151","False","False",""
"1","1","Rapacious Dragon","fdn","Near Mint","English","","","2025-10-15 02:00:19.020000","544","False","False",""
"1","1","Raven of Fell Omens","otj","Near Mint","English","","","2025-10-15 16:19:10.687000","101","False","False",""
"1","1","Ravenous Amulet","fdn","Near Mint","English","","","2025-10-19 21:44:49.157000","131","False","False",""
"2","2","Ravenous Giant","fdn","Near Mint","English","","","2025-10-19 21:44:49.157000","630","False","False",""
"2","2","Ravine Raider","blb","Near Mint","English","","","2025-10-29 01:12:39.807000","106","False","False",""
"1","1","Razortrap Gorge","dsk","Near Mint","English","","","2025-10-25 22:23:46.500000","267","False","False",""
"1","1","Reasonable Doubt","mkm","Near Mint","English","","","2025-10-25 22:13:50.150000","69","False","False",""
"2","2","Reassembling Skeleton","fdn","Near Mint","English","","","2025-11-06 17:14:34.093000","182","False","False",""
"1","1","Reassembling Skeleton","fdn","Near Mint","English","foil","","2025-10-19 18:21:43.367000","182","False","False",""
"1","1","Rebbec, Architect of Ascension","cmr","Near Mint","English","","","2025-10-31 03:20:31.150000","42","False","False",""
"1","1","Rebel Salvo","one","Near Mint","English","","","2025-10-15 19:33:49.797000","144","False","False",""
"2","2","Reclamation Sage","fdn","Near Mint","English","","","2025-10-19 21:44:49.157000","340","False","False",""
"3","3","Reclamation Sage","fdn","Near Mint","English","","","2025-11-07 19:51:18.603000","231","False","False",""
"1","1","Red Herring","mkm","Near Mint","English","","","2025-10-25 22:01:58.423000","142","False","False",""
"1","1","Redcap Gutter-Dweller","fdn","Near Mint","English","","","2025-10-19 21:44:49.157000","631","False","False",""
"7","7","Refute","fdn","Near Mint","English","","","2025-11-07 19:50:29.230000","48","False","False",""
"1","1","Refute","fdn","Near Mint","English","foil","","2025-11-06 16:56:21.723000","48","False","False",""
"2","2","Refute","fdn","Near Mint","English","","","2025-10-19 21:44:49.157000","313","False","False",""
"1","1","Regal Caracal","fdn","Near Mint","English","","","2025-10-19 21:44:49.157000","579","False","False",""
"1","1","Reigning Victor","tdm","Near Mint","English","","","2025-11-07 19:41:18.053000","216","False","False",""
"2","2","Release the Dogs","fdn","Near Mint","English","","","2025-10-19 21:44:49.157000","580","False","False",""
"1","1","Rescue Leopard","tdm","Near Mint","English","","","2025-11-07 19:40:44.243000","116","False","False",""
"1","1","Resistance Reunited","one","Near Mint","English","","","2025-10-15 19:25:15.923000","31","False","False",""
"3","3","Resolute Reinforcements","fdn","Near Mint","English","","","2025-11-06 17:24:54.513000","145","False","False",""
"1","1","Resurrected Cultist","dsk","Near Mint","English","","","2025-10-19 18:28:46.673000","115","False","False",""
"1","1","Return Triumphant","woe","Near Mint","English","","","2025-10-30 23:47:23.590000","26","False","False",""
"2","2","Revenge of the Rats","fdn","Near Mint","English","","","2025-11-07 19:45:31.357000","67","False","False",""
"2","2","Reverberating Summons","tdm","Near Mint","English","","","2025-11-07 19:41:33.053000","117","False","False",""
"1","1","Ride Down","otp","Near Mint","English","","","2025-10-15 16:20:27.597000","52","False","False",""
"1","1","Riling Dawnbreaker // Signaling Roar","tdm","Near Mint","English","","","2025-11-07 19:40:37.143000","21","False","False",""
"1","1","Ringing Strike Mastery","tdm","Near Mint","English","","","2025-10-15 19:21:42.257000","53","False","False",""
"1","1","Rip, Spawn Hunter","dsk","Near Mint","English","","","2025-10-19 18:36:07.213000","228","False","False",""
"2","2","Ripchain Razorkin","dsk","Near Mint","English","","","2025-10-25 22:03:43.017000","154","False","False",""
